<record type="Bibliographic" xmlns="http://www.loc.gov/MARC21/slim">
<leader>00000nam a2200000uc 4500</leader>
<controlfield tag="001">1289151237</controlfield>
<controlfield tag="003">DE-101</controlfield>
<controlfield tag="005">20250724084125.0</controlfield>
<controlfield tag="007">cr||||||||||||</controlfield>
<controlfield tag="008">230511s2023    gw |||||om||| 00||||ger  </controlfield>
<datafield ind1=" " ind2=" " tag="015">
<subfield code="a">23,O06</subfield>
<subfield code="2">dnb</subfield>
</datafield>
<datafield ind1="7" ind2=" " tag="016">
<subfield code="2">DE-101</subfield>
<subfield code="a">1289151237</subfield>
</datafield>
<datafield ind1="7" ind2=" " tag="024">
<subfield code="a">10.25656/01:26435</subfield>
<subfield code="2">doi</subfield>
</datafield>
<datafield ind1="7" ind2=" " tag="024">
<subfield code="2">urn</subfield>
<subfield code="a">urn:nbn:de:0111-pedocs-264350</subfield>
</datafield>
<datafield ind1=" " ind2=" " tag="035">
<subfield code="a">(DE-599)DNB1289151237</subfield>
</datafield>
<datafield ind1=" " ind2=" " tag="035">
<subfield code="a">(OCoLC)1381317024</subfield>
</datafield>
<datafield ind1=" " ind2=" " tag="040">
<subfield code="a">1240</subfield>
<subfield code="b">ger</subfield>
<subfield code="c">DE-101</subfield>
<subfield code="d">9999</subfield>
</datafield>
<datafield ind1=" " ind2=" " tag="041">
<subfield code="8">1\p</subfield>
<subfield code="a">ger</subfield>
</datafield>
<datafield ind1=" " ind2=" " tag="044">
<subfield code="c">XA-DE-HE</subfield>
</datafield>
<datafield ind1="0" ind2="4" tag="082">
<subfield code="8">18\u</subfield>
<subfield code="8">19\p</subfield>
<subfield code="a">370.94309046</subfield>
<subfield code="q">DE-101</subfield>
<subfield code="2">23/ger</subfield>
</datafield>
<datafield ind1="7" ind2=" " tag="083">
<subfield code="8">20\p</subfield>
<subfield code="a">370</subfield>
<subfield code="a">943</subfield>
<subfield code="q">DE-101</subfield>
<subfield code="2">23sdnb</subfield>
</datafield>
<datafield ind1=" " ind2=" " tag="085">
<subfield code="8">18\u</subfield>
<subfield code="b">370</subfield>
</datafield>
<datafield ind1=" " ind2=" " tag="085">
<subfield code="8">18\u</subfield>
<subfield code="z">1</subfield>
<subfield code="s">09046</subfield>
</datafield>
<datafield ind1=" " ind2=" " tag="085">
<subfield code="8">18\u</subfield>
<subfield code="z">2</subfield>
<subfield code="s">43</subfield>
</datafield>
<datafield ind1="1" ind2=" " tag="100">
<subfield code="8">3\p</subfield>
<subfield code="0">(DE-588)1242924396</subfield>
<subfield code="0">https://d-nb.info/gnd/1242924396</subfield>
<subfield code="0">(DE-101)1242924396</subfield>
<subfield code="a">Thole, Friederike</subfield>
<subfield code="e">Verfasser</subfield>
<subfield code="4">aut</subfield>
<subfield code="2">gnd</subfield>
</datafield>
<datafield ind1="1" ind2="0" tag="245">
<subfield code="a">Das kritisch-alternative pädagogische Milieu um 1968. Wissensbewegungen zwischen Handlungspraxis, Politik und Wissenschaft</subfield>
</datafield>
<datafield ind1=" " ind2="1" tag="264">
<subfield code="a">Frankfurt</subfield>
<subfield code="b">DIPF Frankfurt am Main</subfield>
<subfield code="c">2023</subfield>
</datafield>
<datafield ind1=" " ind2=" " tag="300">
<subfield code="a">Online-Ressource</subfield>
</datafield>
<datafield ind1=" " ind2=" " tag="336">
<subfield code="a">Text</subfield>
<subfield code="b">txt</subfield>
<subfield code="2">rdacontent</subfield>
</datafield>
<datafield ind1=" " ind2=" " tag="337">
<subfield code="a">Computermedien</subfield>
<subfield code="b">c</subfield>
<subfield code="2">rdamedia</subfield>
</datafield>
<datafield ind1=" " ind2=" " tag="338">
<subfield code="a">Online-Ressource</subfield>
<subfield code="b">cr</subfield>
<subfield code="2">rdacarrier</subfield>
</datafield>
<datafield ind1="1" ind2=" " tag="490">
<subfield code="a">Beiträge zur Theorie und Geschichte der Erziehungswissenschaft</subfield>
<subfield code="v">48</subfield>
</datafield>
<datafield ind1=" " ind2=" " tag="500">
<subfield code="a">Bad Heilbrunn : Verlag Julius Klinkhardt 2023, 221 S. - (Beiträge zur Theorie und Geschichte der Erziehungswissenschaft; 48)  - (Dissertation, Universität Kassel, 2022). ISBN 978-3-7815-6011-6; 978-3-7815-2569-6</subfield>
</datafield>
<datafield ind1=" " ind2=" " tag="502">
<subfield code="a">Dissertation, Universität Kassel, 2022</subfield>
</datafield>
<datafield ind1="0" ind2=" " tag="506">
<subfield code="a">Open Access</subfield>
<subfield code="f">Unrestricted online access</subfield>
<subfield code="u">http://purl.org/coar/access_right/c_abf2</subfield>
<subfield code="2">star</subfield>
</datafield>
<datafield ind1=" " ind2=" " tag="520">
<subfield code="a">Abstract: Den bewegten Zeitraum um 1968 als Ausgangspunkt nehmend, untersucht die Arbeit Wissenstransformations- und Zirkulationsprozesse zwischen politischer und pädagogischer Praxis sowie erziehungswissenschaftlicher Theorie. Anhand von neun biographischen Erzählungen mit Personen, die um 1968 in pädagogischen oder politischen Praxisprojekten aktiv waren und danach einen Weg in die Wissenschaft verfolgten, werden Wissensbewegungsprozesse nachgezeichnet. Es wird aufgezeigt, wie sich Wissen des Diskursraums des kritisch-alternativen pädagogischen Milieus durch seine diskursiven Verschränkungen mit der etablierten Erziehungswissenschaft veränderte und sich auch die etablierte Erziehungswissenschaft über die Auseinandersetzung mit den neuen Wissensformen in einem kommunikativen Prozess der Öffnung begab. (DIPF/Orig.)</subfield>
</datafield>
<datafield ind1=" " ind2=" " tag="540">
<subfield code="a">Creative Commons Namensnennung - Nicht kommerziell - Keine Bearbeitungen 4.0 International</subfield>
<subfield code="f">CC BY NC ND 4.0 International</subfield>
<subfield code="u">http://creativecommons.org/licenses/by-nc-nd/4.0/deed.de</subfield>
<subfield code="2">cc</subfield>
</datafield>
<datafield ind1="1" ind2=" " tag="583">
<subfield code="a">Archivierung/Langzeitarchivierung gewährleistet</subfield>
<subfield code="5">DE-101</subfield>
<subfield code="2">pdager</subfield>
</datafield>
<datafield ind1=" " ind2="7" tag="648">
<subfield code="a">Geschichte 1968</subfield>
<subfield code="9">rswk-swf</subfield>
<subfield code="2">gnd</subfield>
</datafield>
<datafield ind1=" " ind2="7" tag="650">
<subfield code="8">6\p</subfield>
<subfield code="0">(DE-588)4058171-8</subfield>
<subfield code="0">https://d-nb.info/gnd/4058171-8</subfield>
<subfield code="0">(DE-101)040581713</subfield>
<subfield code="a">Studentenbewegung</subfield>
<subfield code="9">rswk-swf</subfield>
<subfield code="2">gnd</subfield>
</datafield>
<datafield ind1=" " ind2="7" tag="650">
<subfield code="8">8\p</subfield>
<subfield code="0">(DE-588)4044302-4</subfield>
<subfield code="0">https://d-nb.info/gnd/4044302-4</subfield>
<subfield code="0">(DE-101)040443027</subfield>
<subfield code="a">Pädagogik</subfield>
<subfield code="9">rswk-swf</subfield>
<subfield code="2">gnd</subfield>
</datafield>
<datafield ind1=" " ind2="7" tag="650">
<subfield code="8">10\p</subfield>
<subfield code="0">(DE-588)4074798-0</subfield>
<subfield code="0">https://d-nb.info/gnd/4074798-0</subfield>
<subfield code="0">(DE-101)040747980</subfield>
<subfield code="a">Milieu</subfield>
<subfield code="9">rswk-swf</subfield>
<subfield code="2">gnd</subfield>
</datafield>
<datafield ind1=" " ind2="7" tag="650">
<subfield code="8">12\p</subfield>
<subfield code="0">(DE-588)4735179-2</subfield>
<subfield code="0">https://d-nb.info/gnd/4735179-2</subfield>
<subfield code="0">(DE-101)967831962</subfield>
<subfield code="a">Historische Bildungsforschung</subfield>
<subfield code="9">rswk-swf</subfield>
<subfield code="2">gnd</subfield>
</datafield>
<datafield ind1=" " ind2="7" tag="650">
<subfield code="8">14\p</subfield>
<subfield code="0">(DE-588)4044302-4</subfield>
<subfield code="0">https://d-nb.info/gnd/4044302-4</subfield>
<subfield code="0">(DE-101)040443027</subfield>
<subfield code="a">Pädagogik</subfield>
<subfield code="2">gnd</subfield>
</datafield>
<datafield ind1=" " ind2="7" tag="650">
<subfield code="8">16\p</subfield>
<subfield code="0">(DE-588)4074798-0</subfield>
<subfield code="0">https://d-nb.info/gnd/4074798-0</subfield>
<subfield code="0">(DE-101)040747980</subfield>
<subfield code="a">Milieu</subfield>
<subfield code="2">gnd</subfield>
</datafield>
<datafield ind1=" " ind2="7" tag="651">
<subfield code="8">4\p</subfield>
<subfield code="0">(DE-588)4011882-4</subfield>
<subfield code="0">https://d-nb.info/gnd/4011882-4</subfield>
<subfield code="0">(DE-101)040118827</subfield>
<subfield code="a">Deutschland</subfield>
<subfield code="9">rswk-swf</subfield>
<subfield code="2">gnd</subfield>
</datafield>
<datafield ind1=" " ind2="7" tag="651">
<subfield code="8">15\p</subfield>
<subfield code="0">(DE-588)4011882-4</subfield>
<subfield code="0">https://d-nb.info/gnd/4011882-4</subfield>
<subfield code="0">(DE-101)040118827</subfield>
<subfield code="a">Deutschland</subfield>
<subfield code="2">gnd</subfield>
</datafield>
<datafield ind1=" " ind2="7" tag="651">
<subfield code="8">17\p</subfield>
<subfield code="0">(DE-588)4011889-7</subfield>
<subfield code="0">https://d-nb.info/gnd/4011889-7</subfield>
<subfield code="0">(DE-101)040118894</subfield>
<subfield code="a">Deutschland</subfield>
<subfield code="g">Bundesrepublik</subfield>
<subfield code="2">gnd</subfield>
</datafield>
<datafield ind1=" " ind2=" " tag="653">
<subfield code="a">Bildungsgeschichte</subfield>
<subfield code="a">Historische Bildungsforschung</subfield>
<subfield code="a">Wissenstransfer</subfield>
<subfield code="a">Politik</subfield>
<subfield code="a">Pädagogik</subfield>
<subfield code="a">Erziehungswissenschaft</subfield>
<subfield code="a">Pädagogische Praxis</subfield>
<subfield code="a">Soziales Milieu</subfield>
<subfield code="a">Wissen</subfield>
<subfield code="a">Wissensproduktion</subfield>
<subfield code="a">Alternativbewegung</subfield>
<subfield code="a">Alternative Pädagogik</subfield>
<subfield code="a">Kontext</subfield>
<subfield code="a">Methodologie</subfield>
<subfield code="a">Kritische Pädagogik</subfield>
<subfield code="a">Chancengleichheit</subfield>
<subfield code="a">Ungleichheit</subfield>
<subfield code="a">Empirische Forschung</subfield>
<subfield code="a">Achtundsechziger</subfield>
<subfield code="a">60er Jahre</subfield>
<subfield code="a">20. Jahrhundert</subfield>
<subfield code="a">Biografische Methode</subfield>
<subfield code="a">Dissertationsschrift</subfield>
<subfield code="a">Deutschland</subfield>
<subfield code="a">Deutschland-BRD</subfield>
<subfield code="a">History of education</subfield>
<subfield code="a">History of educational activities</subfield>
<subfield code="a">Transfer of knowledge</subfield>
<subfield code="a">Politics</subfield>
<subfield code="a">Pedagogics</subfield>
<subfield code="a">Sciences of education</subfield>
<subfield code="a">Social milieu</subfield>
<subfield code="a">Knowledge</subfield>
<subfield code="a">Alternative movement</subfield>
<subfield code="a">Methodology</subfield>
<subfield code="a">Equal opportunities</subfield>
<subfield code="a">Equal opportunity</subfield>
<subfield code="a">Empirical research</subfield>
<subfield code="a">Biographical Inventories</subfield>
<subfield code="a">Doctoral Theses</subfield>
<subfield code="a">Germany</subfield>
<subfield code="a">Germany-FRG</subfield>
<subfield code="a">German language</subfield>
<subfield code="a">Growing old</subfield>
</datafield>
<datafield ind1=" " ind2="7" tag="655">
<subfield code="8">2\p</subfield>
<subfield code="0">(DE-588)4113937-9</subfield>
<subfield code="0">https://d-nb.info/gnd/4113937-9</subfield>
<subfield code="0">(DE-101)041139372</subfield>
<subfield code="a">Hochschulschrift</subfield>
<subfield code="2">gnd-content</subfield>
</datafield>
<datafield ind1="0" ind2="0" tag="689">
<subfield code="8">5\p</subfield>
<subfield code="0">(DE-588)4011882-4</subfield>
<subfield code="0">https://d-nb.info/gnd/4011882-4</subfield>
<subfield code="0">(DE-101)040118827</subfield>
<subfield code="D">g</subfield>
<subfield code="a">Deutschland</subfield>
</datafield>
<datafield ind1="0" ind2="1" tag="689">
<subfield code="8">7\p</subfield>
<subfield code="0">(DE-588)4058171-8</subfield>
<subfield code="0">https://d-nb.info/gnd/4058171-8</subfield>
<subfield code="0">(DE-101)040581713</subfield>
<subfield code="D">s</subfield>
<subfield code="a">Studentenbewegung</subfield>
</datafield>
<datafield ind1="0" ind2="2" tag="689">
<subfield code="8">9\p</subfield>
<subfield code="0">(DE-588)4044302-4</subfield>
<subfield code="0">https://d-nb.info/gnd/4044302-4</subfield>
<subfield code="0">(DE-101)040443027</subfield>
<subfield code="D">s</subfield>
<subfield code="a">Pädagogik</subfield>
</datafield>
<datafield ind1="0" ind2="3" tag="689">
<subfield code="8">11\p</subfield>
<subfield code="0">(DE-588)4074798-0</subfield>
<subfield code="0">https://d-nb.info/gnd/4074798-0</subfield>
<subfield code="0">(DE-101)040747980</subfield>
<subfield code="D">s</subfield>
<subfield code="a">Milieu</subfield>
</datafield>
<datafield ind1="0" ind2="4" tag="689">
<subfield code="8">13\p</subfield>
<subfield code="0">(DE-588)4735179-2</subfield>
<subfield code="0">https://d-nb.info/gnd/4735179-2</subfield>
<subfield code="0">(DE-101)967831962</subfield>
<subfield code="D">s</subfield>
<subfield code="a">Historische Bildungsforschung</subfield>
</datafield>
<datafield ind1="0" ind2="5" tag="689">
<subfield code="A">z</subfield>
<subfield code="a">Geschichte 1968</subfield>
</datafield>
<datafield ind1="0" ind2=" " tag="689">
<subfield code="5">DE-101</subfield>
<subfield code="5">DE-101</subfield>
</datafield>
<datafield ind1=" " ind2="0" tag="830">
<subfield code="a">Beiträge zur Theorie und Geschichte der Erziehungswissenschaft</subfield>
<subfield code="v">48</subfield>
</datafield>
<datafield ind1=" " ind2=" " tag="850">
<subfield code="a">DE-101a</subfield>
<subfield code="a">DE-101b</subfield>
</datafield>
<datafield ind1="4" ind2="0" tag="856">
<subfield code="u">https://doi.org/10.25656/01:26435</subfield>
<subfield code="x">Resolving-System</subfield>
</datafield>
<datafield ind1="4" ind2="0" tag="856">
<subfield code="u">https://nbn-resolving.org/urn:nbn:de:0111-pedocs-264350</subfield>
<subfield code="x">Resolving-System</subfield>
</datafield>
<datafield ind1=" " ind2="0" tag="856">
<subfield code="u">https://d-nb.info/1289151237/34</subfield>
<subfield code="x">Langzeitarchivierung Nationalbibliothek</subfield>
</datafield>
<datafield ind1="4" ind2=" " tag="856">
<subfield code="q">text/html</subfield>
<subfield code="u">https://www.pedocs.de/frontdoor.php?source_opus=26435</subfield>
<subfield code="z">kostenfrei</subfield>
</datafield>
<datafield ind1="4" ind2=" " tag="856">
<subfield code="q">application/pdf</subfield>
<subfield code="s">1553.25 kB</subfield>
<subfield code="u">https://www.pedocs.de/volltexte/2023/26435/pdf/Thole_2023_Das_kritisch-alternative_paedagogische.pdf</subfield>
<subfield code="z">kostenfrei</subfield>
<subfield code="3">Volltext</subfield>
</datafield>
<datafield ind1="1" ind2=" " tag="883">
<subfield code="8">1\p</subfield>
<subfield code="a">npi</subfield>
<subfield code="d">20230511</subfield>
<subfield code="q">DE-101</subfield>
<subfield code="u">https://d-nb.info/provenance/plan#npi</subfield>
</datafield>
<datafield ind1=" " ind2=" " tag="883">
<subfield code="8">2\p</subfield>
<subfield code="a">dnb-cgwrk</subfield>
<subfield code="d">20250724</subfield>
<subfield code="q">DE-101</subfield>
<subfield code="u">https://d-nb.info/provenance/plan#dnb-cgwrk</subfield>
</datafield>
<datafield ind1="1" ind2=" " tag="883">
<subfield code="8">3\p</subfield>
<subfield code="a">npi</subfield>
<subfield code="d">20230511</subfield>
<subfield code="q">DE-101</subfield>
<subfield code="u">https://d-nb.info/provenance/plan#npi</subfield>
</datafield>
<datafield ind1=" " ind2=" " tag="883">
<subfield code="8">4\p</subfield>
<subfield code="a">dnb-cgwrk</subfield>
<subfield code="d">20250724</subfield>
<subfield code="q">DE-101</subfield>
<subfield code="u">https://d-nb.info/provenance/plan#dnb-cgwrk</subfield>
</datafield>
<datafield ind1=" " ind2=" " tag="883">
<subfield code="8">5\p</subfield>
<subfield code="a">dnb-cgwrk</subfield>
<subfield code="d">20250724</subfield>
<subfield code="q">DE-101</subfield>
<subfield code="u">https://d-nb.info/provenance/plan#dnb-cgwrk</subfield>
</datafield>
<datafield ind1=" " ind2=" " tag="883">
<subfield code="8">6\p</subfield>
<subfield code="a">dnb-cgwrk</subfield>
<subfield code="d">20250724</subfield>
<subfield code="q">DE-101</subfield>
<subfield code="u">https://d-nb.info/provenance/plan#dnb-cgwrk</subfield>
</datafield>
<datafield ind1=" " ind2=" " tag="883">
<subfield code="8">7\p</subfield>
<subfield code="a">dnb-cgwrk</subfield>
<subfield code="d">20250724</subfield>
<subfield code="q">DE-101</subfield>
<subfield code="u">https://d-nb.info/provenance/plan#dnb-cgwrk</subfield>
</datafield>
<datafield ind1=" " ind2=" " tag="883">
<subfield code="8">8\p</subfield>
<subfield code="a">dnb-cgwrk</subfield>
<subfield code="d">20250724</subfield>
<subfield code="q">DE-101</subfield>
<subfield code="u">https://d-nb.info/provenance/plan#dnb-cgwrk</subfield>
</datafield>
<datafield ind1=" " ind2=" " tag="883">
<subfield code="8">9\p</subfield>
<subfield code="a">dnb-cgwrk</subfield>
<subfield code="d">20250724</subfield>
<subfield code="q">DE-101</subfield>
<subfield code="u">https://d-nb.info/provenance/plan#dnb-cgwrk</subfield>
</datafield>
<datafield ind1=" " ind2=" " tag="883">
<subfield code="8">10\p</subfield>
<subfield code="a">dnb-cgwrk</subfield>
<subfield code="d">20250724</subfield>
<subfield code="q">DE-101</subfield>
<subfield code="u">https://d-nb.info/provenance/plan#dnb-cgwrk</subfield>
</datafield>
<datafield ind1=" " ind2=" " tag="883">
<subfield code="8">11\p</subfield>
<subfield code="a">dnb-cgwrk</subfield>
<subfield code="d">20250724</subfield>
<subfield code="q">DE-101</subfield>
<subfield code="u">https://d-nb.info/provenance/plan#dnb-cgwrk</subfield>
</datafield>
<datafield ind1=" " ind2=" " tag="883">
<subfield code="8">12\p</subfield>
<subfield code="a">dnb-cgwrk</subfield>
<subfield code="d">20250724</subfield>
<subfield code="q">DE-101</subfield>
<subfield code="u">https://d-nb.info/provenance/plan#dnb-cgwrk</subfield>
</datafield>
<datafield ind1=" " ind2=" " tag="883">
<subfield code="8">13\p</subfield>
<subfield code="a">dnb-cgwrk</subfield>
<subfield code="d">20250724</subfield>
<subfield code="q">DE-101</subfield>
<subfield code="u">https://d-nb.info/provenance/plan#dnb-cgwrk</subfield>
</datafield>
<datafield ind1="0" ind2=" " tag="883">
<subfield code="8">14\p</subfield>
<subfield code="a">emagnd</subfield>
<subfield code="c">0,23675</subfield>
<subfield code="d">20230512</subfield>
<subfield code="q">DE-101</subfield>
<subfield code="u">https://d-nb.info/provenance/plan#emagnd</subfield>
</datafield>
<datafield ind1="0" ind2=" " tag="883">
<subfield code="8">15\p</subfield>
<subfield code="a">emagnd</subfield>
<subfield code="c">0,10601</subfield>
<subfield code="d">20230512</subfield>
<subfield code="q">DE-101</subfield>
<subfield code="u">https://d-nb.info/provenance/plan#emagnd</subfield>
</datafield>
<datafield ind1="0" ind2=" " tag="883">
<subfield code="8">16\p</subfield>
<subfield code="a">emagnd</subfield>
<subfield code="c">0,05287</subfield>
<subfield code="d">20230512</subfield>
<subfield code="q">DE-101</subfield>
<subfield code="u">https://d-nb.info/provenance/plan#emagnd</subfield>
</datafield>
<datafield ind1="0" ind2=" " tag="883">
<subfield code="8">17\p</subfield>
<subfield code="a">emagnd</subfield>
<subfield code="c">0,05178</subfield>
<subfield code="d">20230512</subfield>
<subfield code="q">DE-101</subfield>
<subfield code="u">https://d-nb.info/provenance/plan#emagnd</subfield>
</datafield>
<datafield ind1=" " ind2=" " tag="883">
<subfield code="8">19\p</subfield>
<subfield code="a">dnb-cgwrk</subfield>
<subfield code="d">20250724</subfield>
<subfield code="q">DE-101</subfield>
<subfield code="u">https://d-nb.info/provenance/plan#dnb-cgwrk</subfield>
</datafield>
<datafield ind1=" " ind2=" " tag="883">
<subfield code="8">20\p</subfield>
<subfield code="a">dnb-cgwrk</subfield>
<subfield code="d">20250724</subfield>
<subfield code="q">DE-101</subfield>
<subfield code="u">https://d-nb.info/provenance/plan#dnb-cgwrk</subfield>
</datafield>
<datafield ind1="r" ind2=" " tag="925">
<subfield code="a">ro</subfield>
<subfield code="a">rb</subfield>
</datafield>
<datafield ind1=" " ind2=" " tag="927">
<subfield code="a">30769201</subfield>
</datafield>
</record>