<record type="Bibliographic" xmlns="http://www.loc.gov/MARC21/slim">
<leader>00000nam a2200000uc 4500</leader>
<controlfield tag="001">1307124267</controlfield>
<controlfield tag="003">DE-101</controlfield>
<controlfield tag="005">20250319171610.0</controlfield>
<controlfield tag="007">cr||||||||||||</controlfield>
<controlfield tag="008">231024s2023    gw |||||o|||| 00||||eng  </controlfield>
<datafield ind1=" " ind2=" " tag="015">
<subfield code="a">23,O11</subfield>
<subfield code="2">dnb</subfield>
</datafield>
<datafield ind1="7" ind2=" " tag="016">
<subfield code="2">DE-101</subfield>
<subfield code="a">1307124267</subfield>
</datafield>
<datafield ind1=" " ind2=" " tag="020">
<subfield code="a">9783111150543</subfield>
<subfield code="9">978-3-11-115054-3</subfield>
</datafield>
<datafield ind1="3" ind2=" " tag="024">
<subfield code="a">9783111150543</subfield>
</datafield>
<datafield ind1="7" ind2=" " tag="024">
<subfield code="a">10.1515/9783111150543</subfield>
<subfield code="2">doi</subfield>
</datafield>
<datafield ind1="7" ind2=" " tag="024">
<subfield code="2">urn</subfield>
<subfield code="a">urn:nbn:de:101:1-2023102417184337856447</subfield>
</datafield>
<datafield ind1=" " ind2=" " tag="035">
<subfield code="a">(DE-599)DNB1307124267</subfield>
</datafield>
<datafield ind1=" " ind2=" " tag="035">
<subfield code="a">(OCoLC)1408399743</subfield>
</datafield>
<datafield ind1=" " ind2=" " tag="040">
<subfield code="a">1140</subfield>
<subfield code="b">ger</subfield>
<subfield code="c">DE-101</subfield>
<subfield code="d">9999</subfield>
</datafield>
<datafield ind1=" " ind2=" " tag="041">
<subfield code="8">1\p</subfield>
<subfield code="a">eng</subfield>
</datafield>
<datafield ind1=" " ind2=" " tag="044">
<subfield code="c">XA-DE-BE</subfield>
</datafield>
<datafield ind1="0" ind2="4" tag="082">
<subfield code="8">13\u</subfield>
<subfield code="8">14\p</subfield>
<subfield code="a">378.198109581</subfield>
<subfield code="q">DE-101</subfield>
<subfield code="2">23/ger</subfield>
</datafield>
<datafield ind1="7" ind2=" " tag="083">
<subfield code="8">15\p</subfield>
<subfield code="a">370</subfield>
<subfield code="q">DE-101</subfield>
<subfield code="2">23sdnb</subfield>
</datafield>
<datafield ind1=" " ind2=" " tag="085">
<subfield code="8">13\u</subfield>
<subfield code="b">378.19</subfield>
</datafield>
<datafield ind1=" " ind2=" " tag="085">
<subfield code="8">13\u</subfield>
<subfield code="s">371.81</subfield>
</datafield>
<datafield ind1=" " ind2=" " tag="085">
<subfield code="8">13\u</subfield>
<subfield code="z">2</subfield>
<subfield code="s">581</subfield>
</datafield>
<datafield ind1="2" ind2=" " tag="110">
<subfield code="8">4\p</subfield>
<subfield code="a">Leibniz-Zentrum Moderner Orient</subfield>
<subfield code="e">Sonstige</subfield>
<subfield code="4">oth</subfield>
</datafield>
<datafield ind1="1" ind2="0" tag="245">
<subfield code="a">The Global Cold War on Campus</subfield>
<subfield code="b">Student Activism at Kabul University, 1964–1992</subfield>
<subfield code="c">Kyara Anne Klausmann</subfield>
</datafield>
<datafield ind1=" " ind2="4" tag="264">
<subfield code="c">2024</subfield>
</datafield>
<datafield ind1=" " ind2="1" tag="264">
<subfield code="a">Berlin/Boston</subfield>
<subfield code="b">De Gruyter</subfield>
<subfield code="c">2023</subfield>
</datafield>
<datafield ind1=" " ind2="1" tag="264">
<subfield code="b">De Gruyter</subfield>
<subfield code="c">2023</subfield>
</datafield>
<datafield ind1=" " ind2=" " tag="300">
<subfield code="a">1 Online-Ressource, 12, 238 Seiten</subfield>
<subfield code="b">3 Illustrationen</subfield>
</datafield>
<datafield ind1=" " ind2=" " tag="336">
<subfield code="a">Text</subfield>
<subfield code="b">txt</subfield>
<subfield code="2">rdacontent</subfield>
</datafield>
<datafield ind1=" " ind2=" " tag="337">
<subfield code="a">Computermedien</subfield>
<subfield code="b">c</subfield>
<subfield code="2">rdamedia</subfield>
</datafield>
<datafield ind1=" " ind2=" " tag="338">
<subfield code="a">Online-Ressource</subfield>
<subfield code="b">cr</subfield>
<subfield code="2">rdacarrier</subfield>
</datafield>
<datafield ind1="1" ind2=" " tag="490">
<subfield code="a">ZMO-Studien</subfield>
<subfield code="v">45</subfield>
</datafield>
<datafield ind1="0" ind2=" " tag="506">
<subfield code="a">Open Access</subfield>
<subfield code="f">Unrestricted online access</subfield>
<subfield code="u">http://purl.org/coar/access_right/c_abf2</subfield>
<subfield code="2">star</subfield>
</datafield>
<datafield ind1=" " ind2=" " tag="540">
<subfield code="a">Creative Commons 4.0 Attribution-NonCommercial-NoDerivs</subfield>
<subfield code="u">https://creativecommons.org/licenses/by-nc-nd/4.0</subfield>
</datafield>
<datafield ind1="1" ind2=" " tag="583">
<subfield code="a">Archivierung/Langzeitarchivierung gewährleistet</subfield>
<subfield code="5">DE-101</subfield>
<subfield code="2">pdager</subfield>
</datafield>
<datafield ind1="2" ind2="7" tag="610">
<subfield code="8">7\p</subfield>
<subfield code="0">(DE-588)80079-X</subfield>
<subfield code="0">https://d-nb.info/gnd/80079-X</subfield>
<subfield code="0">(DE-101)000800791</subfield>
<subfield code="a">Da Kābul Pōhantūn</subfield>
<subfield code="9">rswk-swf</subfield>
<subfield code="2">gnd</subfield>
</datafield>
<datafield ind1=" " ind2="7" tag="648">
<subfield code="a">Geschichte 1964-1992</subfield>
<subfield code="9">rswk-swf</subfield>
<subfield code="2">gnd</subfield>
</datafield>
<datafield ind1=" " ind2="7" tag="650">
<subfield code="8">9\p</subfield>
<subfield code="0">(DE-588)4058171-8</subfield>
<subfield code="0">https://d-nb.info/gnd/4058171-8</subfield>
<subfield code="0">(DE-101)040581713</subfield>
<subfield code="a">Studentenbewegung</subfield>
<subfield code="9">rswk-swf</subfield>
<subfield code="2">gnd</subfield>
</datafield>
<datafield ind1=" " ind2="7" tag="650">
<subfield code="8">11\p</subfield>
<subfield code="0">(DE-588)4075770-5</subfield>
<subfield code="0">https://d-nb.info/gnd/4075770-5</subfield>
<subfield code="0">(DE-101)040757706</subfield>
<subfield code="a">Ost-West-Konflikt</subfield>
<subfield code="9">rswk-swf</subfield>
<subfield code="2">gnd</subfield>
</datafield>
<datafield ind1=" " ind2="7" tag="651">
<subfield code="8">5\p</subfield>
<subfield code="0">(DE-588)4000687-6</subfield>
<subfield code="0">https://d-nb.info/gnd/4000687-6</subfield>
<subfield code="0">(DE-101)040006875</subfield>
<subfield code="a">Afghanistan</subfield>
<subfield code="9">rswk-swf</subfield>
<subfield code="2">gnd</subfield>
</datafield>
<datafield ind1=" " ind2=" " tag="653">
<subfield code="a">(Produktform)Digital (delivered electronically)</subfield>
</datafield>
<datafield ind1=" " ind2=" " tag="653">
<subfield code="a">(Produktform (spezifisch))PDF</subfield>
</datafield>
<datafield ind1=" " ind2=" " tag="653">
<subfield code="a">Islam; Islamische Staaten; Naher Osten; Transnationalität</subfield>
<subfield code="a">Student movements; Afghanistan; Kabul; Cold War</subfield>
</datafield>
<datafield ind1=" " ind2=" " tag="653">
<subfield code="a">(BISAC Subject Heading)HIS000000: HIS000000 HISTORY / General</subfield>
</datafield>
<datafield ind1=" " ind2=" " tag="653">
<subfield code="a">(BISAC Subject Heading)HIS026000: HIS026000 HISTORY / Middle East / General</subfield>
</datafield>
<datafield ind1=" " ind2=" " tag="653">
<subfield code="a">(BISAC Subject Heading)REL000000: REL000000 RELIGION / General</subfield>
</datafield>
<datafield ind1=" " ind2=" " tag="653">
<subfield code="a">(BISAC Subject Heading)REL037000: REL037000 RELIGION / Islam / General</subfield>
</datafield>
<datafield ind1=" " ind2=" " tag="653">
<subfield code="a">(BISAC Subject Heading)REL037010: REL037010 RELIGION / Islam / History</subfield>
</datafield>
<datafield ind1=" " ind2=" " tag="653">
<subfield code="a">(BISAC Subject Heading)REL037030: REL037030 RELIGION / Islam / Rituals &amp; Practice</subfield>
</datafield>
<datafield ind1=" " ind2=" " tag="653">
<subfield code="a">(BISAC Subject Heading)SOC048000: SOC048000 SOCIAL SCIENCE / Islamic Studies</subfield>
</datafield>
<datafield ind1=" " ind2=" " tag="653">
<subfield code="a">(Zielgruppe)Fachpublikum/ Wissenschaft</subfield>
</datafield>
<datafield ind1=" " ind2=" " tag="653">
<subfield code="a">(BISAC Subject Heading)HIS000000</subfield>
</datafield>
<datafield ind1=" " ind2=" " tag="653">
<subfield code="a">(BIC subject category)GTB: Regional studies</subfield>
</datafield>
<datafield ind1=" " ind2=" " tag="653">
<subfield code="a">(BIC subject category)HBG: General &amp; world history</subfield>
</datafield>
<datafield ind1=" " ind2=" " tag="653">
<subfield code="a">(BIC subject category)HBJF1: Middle Eastern history</subfield>
</datafield>
<datafield ind1=" " ind2=" " tag="653">
<subfield code="a">(BIC subject category)HBJQ: History of other lands</subfield>
</datafield>
<datafield ind1=" " ind2=" " tag="653">
<subfield code="a">(BIC subject category)HRA: Religion: general</subfield>
</datafield>
<datafield ind1=" " ind2=" " tag="653">
<subfield code="a">(BIC subject category)HRHP: Islamic life &amp; practice</subfield>
</datafield>
<datafield ind1=" " ind2=" " tag="653">
<subfield code="a">Islam</subfield>
</datafield>
<datafield ind1=" " ind2=" " tag="653">
<subfield code="a">Islamische Staaten</subfield>
</datafield>
<datafield ind1=" " ind2=" " tag="653">
<subfield code="a">Naher Osten</subfield>
</datafield>
<datafield ind1=" " ind2=" " tag="653">
<subfield code="a">Transnationalität</subfield>
</datafield>
<datafield ind1=" " ind2=" " tag="653">
<subfield code="a">Student movements</subfield>
</datafield>
<datafield ind1=" " ind2=" " tag="653">
<subfield code="a">Afghanistan</subfield>
</datafield>
<datafield ind1=" " ind2=" " tag="653">
<subfield code="a">Kabul</subfield>
</datafield>
<datafield ind1=" " ind2=" " tag="653">
<subfield code="a">Cold War</subfield>
</datafield>
<datafield ind1=" " ind2="7" tag="655">
<subfield code="8">2\p</subfield>
<subfield code="0">(DE-588)4113937-9</subfield>
<subfield code="0">https://d-nb.info/gnd/4113937-9</subfield>
<subfield code="0">(DE-101)041139372</subfield>
<subfield code="a">Hochschulschrift</subfield>
<subfield code="2">gnd-content</subfield>
</datafield>
<datafield ind1="0" ind2="0" tag="689">
<subfield code="8">6\p</subfield>
<subfield code="0">(DE-588)4000687-6</subfield>
<subfield code="0">https://d-nb.info/gnd/4000687-6</subfield>
<subfield code="0">(DE-101)040006875</subfield>
<subfield code="D">g</subfield>
<subfield code="a">Afghanistan</subfield>
</datafield>
<datafield ind1="0" ind2="1" tag="689">
<subfield code="8">8\p</subfield>
<subfield code="0">(DE-588)80079-X</subfield>
<subfield code="0">https://d-nb.info/gnd/80079-X</subfield>
<subfield code="0">(DE-101)000800791</subfield>
<subfield code="D">b</subfield>
<subfield code="a">Da Kābul Pōhantūn</subfield>
</datafield>
<datafield ind1="0" ind2="2" tag="689">
<subfield code="8">10\p</subfield>
<subfield code="0">(DE-588)4058171-8</subfield>
<subfield code="0">https://d-nb.info/gnd/4058171-8</subfield>
<subfield code="0">(DE-101)040581713</subfield>
<subfield code="D">s</subfield>
<subfield code="a">Studentenbewegung</subfield>
</datafield>
<datafield ind1="0" ind2="3" tag="689">
<subfield code="8">12\p</subfield>
<subfield code="0">(DE-588)4075770-5</subfield>
<subfield code="0">https://d-nb.info/gnd/4075770-5</subfield>
<subfield code="0">(DE-101)040757706</subfield>
<subfield code="D">s</subfield>
<subfield code="a">Ost-West-Konflikt</subfield>
</datafield>
<datafield ind1="0" ind2="4" tag="689">
<subfield code="A">z</subfield>
<subfield code="a">Geschichte 1964-1992</subfield>
</datafield>
<datafield ind1="0" ind2=" " tag="689">
<subfield code="5">DE-101</subfield>
<subfield code="5">DE-101</subfield>
</datafield>
<datafield ind1="1" ind2=" " tag="700">
<subfield code="8">3\p</subfield>
<subfield code="a">Klausmann, Kyara Anne</subfield>
<subfield code="e">Verfasser</subfield>
<subfield code="4">aut</subfield>
</datafield>
<datafield ind1="0" ind2="8" tag="776">
<subfield code="i">Erscheint auch als</subfield>
<subfield code="n">Online-Ausgabe</subfield>
<subfield code="z">9783111151458</subfield>
</datafield>
<datafield ind1="0" ind2="8" tag="776">
<subfield code="i">Erscheint auch als</subfield>
<subfield code="n">Druck-Ausgabe</subfield>
<subfield code="a">Klausmann, Kyara</subfield>
<subfield code="t">The Global cold war on campus</subfield>
<subfield code="d">Berlin : De Gruyter, [2023]</subfield>
<subfield code="h">XI, 237 Seiten, Illustrationen</subfield>
<subfield code="w">(DE-101)1294890166</subfield>
</datafield>
<datafield ind1=" " ind2="0" tag="830">
<subfield code="a">ZMO-Studien</subfield>
<subfield code="v">45</subfield>
</datafield>
<datafield ind1=" " ind2=" " tag="850">
<subfield code="a">DE-101a</subfield>
<subfield code="a">DE-101b</subfield>
</datafield>
<datafield ind1="4" ind2="0" tag="856">
<subfield code="u">https://doi.org/10.1515/9783111150543</subfield>
<subfield code="x">Resolving-System</subfield>
</datafield>
<datafield ind1="4" ind2="0" tag="856">
<subfield code="u">https://nbn-resolving.org/urn:nbn:de:101:1-2023102417184337856447</subfield>
<subfield code="x">Resolving-System</subfield>
</datafield>
<datafield ind1=" " ind2="0" tag="856">
<subfield code="u">https://d-nb.info/1307124267/34</subfield>
<subfield code="x">Langzeitarchivierung Nationalbibliothek</subfield>
</datafield>
<datafield ind1="4" ind2=" " tag="856">
<subfield code="q">application/pdf</subfield>
</datafield>
<datafield ind1="4" ind2=" " tag="856">
<subfield code="u">https://www.degruyter.com/</subfield>
<subfield code="x">Verlag</subfield>
</datafield>
<datafield ind1="4" ind2=" " tag="856">
<subfield code="u">https://www.degruyter.com/isbn/9783111150543</subfield>
<subfield code="x">Verlag</subfield>
</datafield>
<datafield ind1="4" ind2=" " tag="856">
<subfield code="u">https://www.degruyter.com/document/cover/isbn/9783111150543/original</subfield>
<subfield code="x">Verlag</subfield>
</datafield>
<datafield ind1="4" ind2=" " tag="856">
<subfield code="u">https://www.degruyter.com/isbn/9783111150543</subfield>
<subfield code="x">Verlag</subfield>
</datafield>
<datafield ind1="1" ind2=" " tag="883">
<subfield code="8">1\p</subfield>
<subfield code="a">npi</subfield>
<subfield code="d">20231024</subfield>
<subfield code="q">DE-101</subfield>
<subfield code="u">https://d-nb.info/provenance/plan#npi</subfield>
</datafield>
<datafield ind1="2" ind2=" " tag="883">
<subfield code="8">2\p</subfield>
<subfield code="a">dnb-pa</subfield>
<subfield code="d">20250319</subfield>
<subfield code="q">DE-101</subfield>
<subfield code="u">https://d-nb.info/provenance/plan#dnb-pa</subfield>
</datafield>
<datafield ind1="1" ind2=" " tag="883">
<subfield code="8">3\p</subfield>
<subfield code="a">npi</subfield>
<subfield code="d">20231024</subfield>
<subfield code="q">DE-101</subfield>
<subfield code="u">https://d-nb.info/provenance/plan#npi</subfield>
</datafield>
<datafield ind1="1" ind2=" " tag="883">
<subfield code="8">4\p</subfield>
<subfield code="a">npi</subfield>
<subfield code="d">20231024</subfield>
<subfield code="q">DE-101</subfield>
<subfield code="u">https://d-nb.info/provenance/plan#npi</subfield>
</datafield>
<datafield ind1="2" ind2=" " tag="883">
<subfield code="8">5\p</subfield>
<subfield code="a">dnb-pa</subfield>
<subfield code="d">20250319</subfield>
<subfield code="q">DE-101</subfield>
<subfield code="u">https://d-nb.info/provenance/plan#dnb-pa</subfield>
</datafield>
<datafield ind1="2" ind2=" " tag="883">
<subfield code="8">6\p</subfield>
<subfield code="a">dnb-pa</subfield>
<subfield code="d">20250319</subfield>
<subfield code="q">DE-101</subfield>
<subfield code="u">https://d-nb.info/provenance/plan#dnb-pa</subfield>
</datafield>
<datafield ind1="2" ind2=" " tag="883">
<subfield code="8">7\p</subfield>
<subfield code="a">dnb-pa</subfield>
<subfield code="d">20250319</subfield>
<subfield code="q">DE-101</subfield>
<subfield code="u">https://d-nb.info/provenance/plan#dnb-pa</subfield>
</datafield>
<datafield ind1="2" ind2=" " tag="883">
<subfield code="8">8\p</subfield>
<subfield code="a">dnb-pa</subfield>
<subfield code="d">20250319</subfield>
<subfield code="q">DE-101</subfield>
<subfield code="u">https://d-nb.info/provenance/plan#dnb-pa</subfield>
</datafield>
<datafield ind1="2" ind2=" " tag="883">
<subfield code="8">9\p</subfield>
<subfield code="a">dnb-pa</subfield>
<subfield code="d">20250319</subfield>
<subfield code="q">DE-101</subfield>
<subfield code="u">https://d-nb.info/provenance/plan#dnb-pa</subfield>
</datafield>
<datafield ind1="2" ind2=" " tag="883">
<subfield code="8">10\p</subfield>
<subfield code="a">dnb-pa</subfield>
<subfield code="d">20250319</subfield>
<subfield code="q">DE-101</subfield>
<subfield code="u">https://d-nb.info/provenance/plan#dnb-pa</subfield>
</datafield>
<datafield ind1="2" ind2=" " tag="883">
<subfield code="8">11\p</subfield>
<subfield code="a">dnb-pa</subfield>
<subfield code="d">20250319</subfield>
<subfield code="q">DE-101</subfield>
<subfield code="u">https://d-nb.info/provenance/plan#dnb-pa</subfield>
</datafield>
<datafield ind1="2" ind2=" " tag="883">
<subfield code="8">12\p</subfield>
<subfield code="a">dnb-pa</subfield>
<subfield code="d">20250319</subfield>
<subfield code="q">DE-101</subfield>
<subfield code="u">https://d-nb.info/provenance/plan#dnb-pa</subfield>
</datafield>
<datafield ind1="2" ind2=" " tag="883">
<subfield code="8">14\p</subfield>
<subfield code="a">dnb-pa</subfield>
<subfield code="d">20250319</subfield>
<subfield code="q">DE-101</subfield>
<subfield code="u">https://d-nb.info/provenance/plan#dnb-pa</subfield>
</datafield>
<datafield ind1="2" ind2=" " tag="883">
<subfield code="8">15\p</subfield>
<subfield code="a">dnb-pa</subfield>
<subfield code="d">20250319</subfield>
<subfield code="q">DE-101</subfield>
<subfield code="u">https://d-nb.info/provenance/plan#dnb-pa</subfield>
</datafield>
<datafield ind1="r" ind2=" " tag="925">
<subfield code="a">ro</subfield>
<subfield code="a">ra</subfield>
</datafield>
<datafield ind1="2" ind2=" " tag="926">
<subfield code="a">1FCA</subfield>
<subfield code="o">94</subfield>
<subfield code="x">Afghanistan</subfield>
</datafield>
<datafield ind1="2" ind2=" " tag="926">
<subfield code="a">2ACB</subfield>
<subfield code="o">95</subfield>
<subfield code="x">English</subfield>
</datafield>
<datafield ind1="2" ind2=" " tag="926">
<subfield code="a">3MPQ</subfield>
<subfield code="o">96</subfield>
<subfield code="x">Later 20th century c 1950 to c 1999</subfield>
</datafield>
<datafield ind1="2" ind2=" " tag="926">
<subfield code="a">JPW</subfield>
<subfield code="o">93</subfield>
<subfield code="x">Political activism / Political engagement</subfield>
</datafield>
<datafield ind1="2" ind2=" " tag="926">
<subfield code="a">NHTW</subfield>
<subfield code="o">93</subfield>
<subfield code="x">Cold wars and proxy conflicts</subfield>
</datafield>
<datafield ind1=" " ind2=" " tag="927">
<subfield code="a">34930692</subfield>
</datafield>
</record>