<record type="Bibliographic" xmlns="http://www.loc.gov/MARC21/slim">
<leader>00000nam a2200000uc 4500</leader>
<controlfield tag="001">1265811849</controlfield>
<controlfield tag="003">DE-101</controlfield>
<controlfield tag="005">20250716082425.0</controlfield>
<controlfield tag="007">cr||||||||||||</controlfield>
<controlfield tag="008">220819s2020    gw |||||o|||| 00||||ger  </controlfield>
<datafield ind1=" " ind2=" " tag="015">
<subfield code="a">22,O09</subfield>
<subfield code="2">dnb</subfield>
</datafield>
<datafield ind1="7" ind2=" " tag="016">
<subfield code="2">DE-101</subfield>
<subfield code="a">1265811849</subfield>
</datafield>
<datafield ind1=" " ind2=" " tag="020">
<subfield code="a">9783839453711</subfield>
<subfield code="9">978-3-8394-5371-1</subfield>
</datafield>
<datafield ind1="7" ind2=" " tag="024">
<subfield code="a">10.14361/9783839453711</subfield>
<subfield code="2">doi</subfield>
</datafield>
<datafield ind1="7" ind2=" " tag="024">
<subfield code="2">urn</subfield>
<subfield code="a">urn:nbn:de:0168-ssoar-73003-9</subfield>
</datafield>
<datafield ind1=" " ind2=" " tag="035">
<subfield code="a">(DE-599)DNB1265811849</subfield>
</datafield>
<datafield ind1=" " ind2=" " tag="040">
<subfield code="a">1240</subfield>
<subfield code="b">ger</subfield>
<subfield code="c">DE-101</subfield>
<subfield code="d">9999</subfield>
</datafield>
<datafield ind1=" " ind2=" " tag="041">
<subfield code="8">1\p</subfield>
<subfield code="a">ger</subfield>
</datafield>
<datafield ind1=" " ind2=" " tag="044">
<subfield code="c">XA-DE-BW</subfield>
</datafield>
<datafield ind1="0" ind2="4" tag="082">
<subfield code="8">20\u</subfield>
<subfield code="8">21\p</subfield>
<subfield code="a">322.408420943</subfield>
<subfield code="q">DE-101</subfield>
<subfield code="2">23/ger</subfield>
</datafield>
<datafield ind1="7" ind2=" " tag="083">
<subfield code="8">22\p</subfield>
<subfield code="a">320</subfield>
<subfield code="a">370</subfield>
<subfield code="a">943</subfield>
<subfield code="q">DE-101</subfield>
<subfield code="2">23sdnb</subfield>
</datafield>
<datafield ind1=" " ind2=" " tag="084">
<subfield code="a">320</subfield>
<subfield code="a">301</subfield>
<subfield code="a">900</subfield>
<subfield code="2">sdnb</subfield>
</datafield>
<datafield ind1=" " ind2=" " tag="085">
<subfield code="8">20\u</subfield>
<subfield code="b">322.4</subfield>
</datafield>
<datafield ind1=" " ind2=" " tag="085">
<subfield code="8">20\u</subfield>
<subfield code="z">1</subfield>
<subfield code="s">0842</subfield>
</datafield>
<datafield ind1=" " ind2=" " tag="085">
<subfield code="8">20\u</subfield>
<subfield code="z">2</subfield>
<subfield code="s">43</subfield>
</datafield>
<datafield ind1="1" ind2=" " tag="100">
<subfield code="8">3\p</subfield>
<subfield code="0">(DE-588)1167969928</subfield>
<subfield code="0">https://d-nb.info/gnd/1167969928</subfield>
<subfield code="0">(DE-101)1167969928</subfield>
<subfield code="a">Schenke, Julian</subfield>
<subfield code="d">1988-</subfield>
<subfield code="e">Verfasser</subfield>
<subfield code="4">aut</subfield>
<subfield code="2">gnd</subfield>
</datafield>
<datafield ind1="1" ind2="0" tag="245">
<subfield code="a">Student und Demokratie: Das politische Potenzial deutscher Studierender in Geschichte und Gegenwart</subfield>
</datafield>
<datafield ind1=" " ind2="1" tag="264">
<subfield code="a">Mannheim</subfield>
<subfield code="b">SSOAR, GESIS – Leibniz-Institut für Sozialwissenschaften e.V.</subfield>
<subfield code="c">2020</subfield>
</datafield>
<datafield ind1=" " ind2="1" tag="264">
<subfield code="a">Bielefeld</subfield>
<subfield code="b">transcript Verlag</subfield>
<subfield code="c">2020</subfield>
</datafield>
<datafield ind1=" " ind2=" " tag="300">
<subfield code="a">Online-Ressource, 534 S.</subfield>
</datafield>
<datafield ind1=" " ind2=" " tag="336">
<subfield code="a">Text</subfield>
<subfield code="b">txt</subfield>
<subfield code="2">rdacontent</subfield>
</datafield>
<datafield ind1=" " ind2=" " tag="337">
<subfield code="a">Computermedien</subfield>
<subfield code="b">c</subfield>
<subfield code="2">rdamedia</subfield>
</datafield>
<datafield ind1=" " ind2=" " tag="338">
<subfield code="a">Online-Ressource</subfield>
<subfield code="b">cr</subfield>
<subfield code="2">rdacarrier</subfield>
</datafield>
<datafield ind1="1" ind2=" " tag="490">
<subfield code="a">Studien des Göttinger Instituts für Demokratieforschung zur Geschichte politischer und gesellschaftlicher Kontroversen</subfield>
<subfield code="v">Bd. 16</subfield>
</datafield>
<datafield ind1=" " ind2=" " tag="500">
<subfield code="a">Veröffentlichungsversion</subfield>
</datafield>
<datafield ind1=" " ind2=" " tag="500">
<subfield code="a">begutachtet (peer reviewed)</subfield>
</datafield>
<datafield ind1="0" ind2=" " tag="506">
<subfield code="a">Open Access</subfield>
<subfield code="f">Unrestricted online access</subfield>
<subfield code="u">http://purl.org/coar/access_right/c_abf2</subfield>
<subfield code="2">star</subfield>
</datafield>
<datafield ind1=" " ind2=" " tag="520">
<subfield code="a">Abstract: Studierende gelten als eine soziale Gruppe, die zu kritischen und rebellischen Haltungen neigt - dies legt zumindest ein Blick in die jüngere deutsche Geschichte nahe. Doch trifft dieser Eindruck von potenziell aktivistischen Studierenden auch tatsächlich zu oder handelt es sich dabei eher um einen lieb gewonnenen Mythos? Der Autor geht dieser Frage nach und sucht nach Anhaltspunkten für besondere Potenziale politischer Aktivität unter deutschen Studierenden. Dabei bewegt er sich in der interdisziplinären Schnittmenge von Geschichts- und Politikwissenschaft und liefert eindrucksvolle Ergebnisse für die Demokratieforschung aus Geschichte und Gegenwart</subfield>
</datafield>
<datafield ind1=" " ind2=" " tag="540">
<subfield code="a">Creative Commons - Namensnennung, Nicht kommerz., Keine Bearbeitung 4.0</subfield>
<subfield code="u">http://creativecommons.org/licenses/by-nc-nd/4.0</subfield>
<subfield code="2">cc</subfield>
</datafield>
<datafield ind1="1" ind2=" " tag="583">
<subfield code="a">Archivierung/Langzeitarchivierung gewährleistet</subfield>
<subfield code="5">DE-101</subfield>
<subfield code="2">pdager</subfield>
</datafield>
<datafield ind1=" " ind2="7" tag="648">
<subfield code="a">Geschichte 1800-2018</subfield>
<subfield code="9">rswk-swf</subfield>
<subfield code="2">gnd</subfield>
</datafield>
<datafield ind1=" " ind2="7" tag="650">
<subfield code="8">6\p</subfield>
<subfield code="0">(DE-588)4058167-6</subfield>
<subfield code="0">https://d-nb.info/gnd/4058167-6</subfield>
<subfield code="0">(DE-101)040581675</subfield>
<subfield code="a">Student</subfield>
<subfield code="9">rswk-swf</subfield>
<subfield code="2">gnd</subfield>
</datafield>
<datafield ind1=" " ind2="7" tag="650">
<subfield code="8">8\p</subfield>
<subfield code="0">(DE-588)4229763-1</subfield>
<subfield code="0">https://d-nb.info/gnd/4229763-1</subfield>
<subfield code="0">(DE-101)04229763X</subfield>
<subfield code="a">Politischer Protest</subfield>
<subfield code="9">rswk-swf</subfield>
<subfield code="2">gnd</subfield>
</datafield>
<datafield ind1=" " ind2="7" tag="650">
<subfield code="8">10\p</subfield>
<subfield code="0">(DE-588)4076217-8</subfield>
<subfield code="0">https://d-nb.info/gnd/4076217-8</subfield>
<subfield code="0">(DE-101)040762173</subfield>
<subfield code="a">Politische Einstellung</subfield>
<subfield code="9">rswk-swf</subfield>
<subfield code="2">gnd</subfield>
</datafield>
<datafield ind1=" " ind2="7" tag="650">
<subfield code="8">12\p</subfield>
<subfield code="0">(DE-588)4046540-8</subfield>
<subfield code="0">https://d-nb.info/gnd/4046540-8</subfield>
<subfield code="0">(DE-101)040465403</subfield>
<subfield code="a">Politische Kultur</subfield>
<subfield code="9">rswk-swf</subfield>
<subfield code="2">gnd</subfield>
</datafield>
<datafield ind1=" " ind2="7" tag="650">
<subfield code="8">14\p</subfield>
<subfield code="0">(DE-588)4058167-6</subfield>
<subfield code="0">https://d-nb.info/gnd/4058167-6</subfield>
<subfield code="0">(DE-101)040581675</subfield>
<subfield code="a">Student</subfield>
<subfield code="2">gnd</subfield>
</datafield>
<datafield ind1=" " ind2="7" tag="650">
<subfield code="8">15\p</subfield>
<subfield code="0">(DE-588)4046540-8</subfield>
<subfield code="0">https://d-nb.info/gnd/4046540-8</subfield>
<subfield code="0">(DE-101)040465403</subfield>
<subfield code="a">Politische Kultur</subfield>
<subfield code="2">gnd</subfield>
</datafield>
<datafield ind1=" " ind2="7" tag="650">
<subfield code="8">16\p</subfield>
<subfield code="0">(DE-588)4076217-8</subfield>
<subfield code="0">https://d-nb.info/gnd/4076217-8</subfield>
<subfield code="0">(DE-101)040762173</subfield>
<subfield code="a">Politische Einstellung</subfield>
<subfield code="2">gnd</subfield>
</datafield>
<datafield ind1=" " ind2="7" tag="650">
<subfield code="8">18\p</subfield>
<subfield code="0">(DE-588)4229763-1</subfield>
<subfield code="0">https://d-nb.info/gnd/4229763-1</subfield>
<subfield code="0">(DE-101)04229763X</subfield>
<subfield code="a">Politischer Protest</subfield>
<subfield code="2">gnd</subfield>
</datafield>
<datafield ind1=" " ind2="7" tag="650">
<subfield code="8">19\p</subfield>
<subfield code="0">(DE-588)4011413-2</subfield>
<subfield code="0">https://d-nb.info/gnd/4011413-2</subfield>
<subfield code="0">(DE-101)040114139</subfield>
<subfield code="a">Demokratie</subfield>
<subfield code="2">gnd</subfield>
</datafield>
<datafield ind1=" " ind2="7" tag="651">
<subfield code="8">4\p</subfield>
<subfield code="0">(DE-588)4011882-4</subfield>
<subfield code="0">https://d-nb.info/gnd/4011882-4</subfield>
<subfield code="0">(DE-101)040118827</subfield>
<subfield code="a">Deutschland</subfield>
<subfield code="9">rswk-swf</subfield>
<subfield code="2">gnd</subfield>
</datafield>
<datafield ind1=" " ind2="7" tag="651">
<subfield code="8">17\p</subfield>
<subfield code="0">(DE-588)4011882-4</subfield>
<subfield code="0">https://d-nb.info/gnd/4011882-4</subfield>
<subfield code="0">(DE-101)040118827</subfield>
<subfield code="a">Deutschland</subfield>
<subfield code="2">gnd</subfield>
</datafield>
<datafield ind1=" " ind2="0" tag="653">
<subfield code="a">(thesoz)Bundesrepublik Deutschland</subfield>
</datafield>
<datafield ind1=" " ind2="0" tag="653">
<subfield code="a">(thesoz)historische Entwicklung</subfield>
</datafield>
<datafield ind1=" " ind2="0" tag="653">
<subfield code="a">(thesoz)Protest</subfield>
</datafield>
<datafield ind1=" " ind2="0" tag="653">
<subfield code="a">(thesoz)Hochschule</subfield>
</datafield>
<datafield ind1=" " ind2="0" tag="653">
<subfield code="a">(thesoz)politische Einstellung</subfield>
</datafield>
<datafield ind1=" " ind2="0" tag="653">
<subfield code="a">(thesoz)politische Partizipation</subfield>
</datafield>
<datafield ind1=" " ind2="0" tag="653">
<subfield code="a">(thesoz)politisches Interesse</subfield>
</datafield>
<datafield ind1=" " ind2="0" tag="653">
<subfield code="a">(thesoz)politische Aktivität</subfield>
</datafield>
<datafield ind1=" " ind2="0" tag="653">
<subfield code="a">(thesoz)politische Kultur</subfield>
</datafield>
<datafield ind1=" " ind2="0" tag="653">
<subfield code="a">(thesoz)Studentenschaft</subfield>
</datafield>
<datafield ind1=" " ind2="0" tag="653">
<subfield code="a">(thesoz)Universität</subfield>
</datafield>
<datafield ind1=" " ind2="0" tag="653">
<subfield code="a">(thesoz)Demokratieverständnis</subfield>
</datafield>
<datafield ind1=" " ind2="0" tag="653">
<subfield code="a">(thesoz)sozialer Wandel</subfield>
</datafield>
<datafield ind1=" " ind2="0" tag="653">
<subfield code="a">(thesoz)Studentenbewegung</subfield>
</datafield>
<datafield ind1=" " ind2="0" tag="653">
<subfield code="a">(thesoz)politische Bewegung</subfield>
</datafield>
<datafield ind1=" " ind2="0" tag="653">
<subfield code="a">(thesoz)Bildungspolitik</subfield>
</datafield>
<datafield ind1=" " ind2=" " tag="653">
<subfield code="a">1968</subfield>
</datafield>
<datafield ind1=" " ind2=" " tag="653">
<subfield code="a">Activism</subfield>
</datafield>
<datafield ind1=" " ind2=" " tag="653">
<subfield code="a">Aktivismus</subfield>
</datafield>
<datafield ind1=" " ind2=" " tag="653">
<subfield code="a">Einstellungsforschung</subfield>
</datafield>
<datafield ind1=" " ind2=" " tag="653">
<subfield code="a">Gesellschaft</subfield>
</datafield>
<datafield ind1=" " ind2=" " tag="653">
<subfield code="a">Jugendprotest</subfield>
</datafield>
<datafield ind1=" " ind2=" " tag="653">
<subfield code="a">Oppositionsbewegung</subfield>
</datafield>
<datafield ind1=" " ind2=" " tag="653">
<subfield code="a">Political System</subfield>
</datafield>
<datafield ind1=" " ind2=" " tag="653">
<subfield code="a">Social Movements</subfield>
</datafield>
<datafield ind1=" " ind2=" " tag="653">
<subfield code="a">Society</subfield>
</datafield>
<datafield ind1=" " ind2=" " tag="653">
<subfield code="a">Soziale Bewegungen</subfield>
</datafield>
<datafield ind1=" " ind2=" " tag="653">
<subfield code="a">Student Protest</subfield>
</datafield>
<datafield ind1=" " ind2=" " tag="653">
<subfield code="a">Studiengebühren</subfield>
</datafield>
<datafield ind1=" " ind2=" " tag="653">
<subfield code="a">Studierendenprotest</subfield>
</datafield>
<datafield ind1=" " ind2="7" tag="655">
<subfield code="8">2\p</subfield>
<subfield code="0">(DE-588)4113937-9</subfield>
<subfield code="0">https://d-nb.info/gnd/4113937-9</subfield>
<subfield code="0">(DE-101)041139372</subfield>
<subfield code="a">Hochschulschrift</subfield>
<subfield code="2">gnd-content</subfield>
</datafield>
<datafield ind1="0" ind2="0" tag="689">
<subfield code="8">5\p</subfield>
<subfield code="0">(DE-588)4011882-4</subfield>
<subfield code="0">https://d-nb.info/gnd/4011882-4</subfield>
<subfield code="0">(DE-101)040118827</subfield>
<subfield code="D">g</subfield>
<subfield code="a">Deutschland</subfield>
</datafield>
<datafield ind1="0" ind2="1" tag="689">
<subfield code="8">7\p</subfield>
<subfield code="0">(DE-588)4058167-6</subfield>
<subfield code="0">https://d-nb.info/gnd/4058167-6</subfield>
<subfield code="0">(DE-101)040581675</subfield>
<subfield code="D">s</subfield>
<subfield code="a">Student</subfield>
</datafield>
<datafield ind1="0" ind2="2" tag="689">
<subfield code="8">9\p</subfield>
<subfield code="0">(DE-588)4229763-1</subfield>
<subfield code="0">https://d-nb.info/gnd/4229763-1</subfield>
<subfield code="0">(DE-101)04229763X</subfield>
<subfield code="D">s</subfield>
<subfield code="a">Politischer Protest</subfield>
</datafield>
<datafield ind1="0" ind2="3" tag="689">
<subfield code="8">11\p</subfield>
<subfield code="0">(DE-588)4076217-8</subfield>
<subfield code="0">https://d-nb.info/gnd/4076217-8</subfield>
<subfield code="0">(DE-101)040762173</subfield>
<subfield code="D">s</subfield>
<subfield code="a">Politische Einstellung</subfield>
</datafield>
<datafield ind1="0" ind2="4" tag="689">
<subfield code="8">13\p</subfield>
<subfield code="0">(DE-588)4046540-8</subfield>
<subfield code="0">https://d-nb.info/gnd/4046540-8</subfield>
<subfield code="0">(DE-101)040465403</subfield>
<subfield code="D">s</subfield>
<subfield code="a">Politische Kultur</subfield>
</datafield>
<datafield ind1="0" ind2="5" tag="689">
<subfield code="A">z</subfield>
<subfield code="a">Geschichte 1800-2018</subfield>
</datafield>
<datafield ind1="0" ind2=" " tag="689">
<subfield code="5">DE-101</subfield>
<subfield code="5">DE-101</subfield>
</datafield>
<datafield ind1=" " ind2="0" tag="830">
<subfield code="a">Studien des Göttinger Instituts für Demokratieforschung zur Geschichte politischer und gesellschaftlicher Kontroversen</subfield>
<subfield code="v">Bd. 16</subfield>
</datafield>
<datafield ind1=" " ind2=" " tag="850">
<subfield code="a">DE-101a</subfield>
<subfield code="a">DE-101b</subfield>
</datafield>
<datafield ind1="4" ind2="0" tag="856">
<subfield code="u">https://doi.org/10.14361/9783839453711</subfield>
<subfield code="x">Resolving-System</subfield>
</datafield>
<datafield ind1="4" ind2="0" tag="856">
<subfield code="u">https://nbn-resolving.org/urn:nbn:de:0168-ssoar-73003-9</subfield>
<subfield code="x">Resolving-System</subfield>
</datafield>
<datafield ind1=" " ind2="0" tag="856">
<subfield code="u">https://d-nb.info/1265811849/34</subfield>
<subfield code="x">Langzeitarchivierung Nationalbibliothek</subfield>
</datafield>
<datafield ind1="4" ind2=" " tag="856">
<subfield code="q">application/pdf</subfield>
<subfield code="s">6227512 bytes</subfield>
<subfield code="u">http://www.transcript-verlag.de/978-3-8376-5371-7</subfield>
</datafield>
<datafield ind1="4" ind2=" " tag="856">
<subfield code="q">application/pdf</subfield>
<subfield code="s">6227512 bytes</subfield>
<subfield code="u">https://www.ssoar.info/ssoar/handle/document/73003</subfield>
</datafield>
<datafield ind1="1" ind2=" " tag="883">
<subfield code="8">1\p</subfield>
<subfield code="a">npi</subfield>
<subfield code="d">20220819</subfield>
<subfield code="q">DE-101</subfield>
<subfield code="u">https://d-nb.info/provenance/plan#npi</subfield>
</datafield>
<datafield ind1=" " ind2=" " tag="883">
<subfield code="8">2\p</subfield>
<subfield code="a">dnb-cgwrk</subfield>
<subfield code="d">20250716</subfield>
<subfield code="q">DE-101</subfield>
<subfield code="u">https://d-nb.info/provenance/plan#dnb-cgwrk</subfield>
</datafield>
<datafield ind1=" " ind2=" " tag="883">
<subfield code="8">3\p</subfield>
<subfield code="a">cgwrk</subfield>
<subfield code="d">20230507</subfield>
<subfield code="q">DE-101</subfield>
<subfield code="u">https://d-nb.info/provenance/plan#cgwrk</subfield>
</datafield>
<datafield ind1=" " ind2=" " tag="883">
<subfield code="8">4\p</subfield>
<subfield code="a">dnb-cgwrk</subfield>
<subfield code="d">20250716</subfield>
<subfield code="q">DE-101</subfield>
<subfield code="u">https://d-nb.info/provenance/plan#dnb-cgwrk</subfield>
</datafield>
<datafield ind1=" " ind2=" " tag="883">
<subfield code="8">5\p</subfield>
<subfield code="a">dnb-cgwrk</subfield>
<subfield code="d">20250716</subfield>
<subfield code="q">DE-101</subfield>
<subfield code="u">https://d-nb.info/provenance/plan#dnb-cgwrk</subfield>
</datafield>
<datafield ind1=" " ind2=" " tag="883">
<subfield code="8">6\p</subfield>
<subfield code="a">dnb-cgwrk</subfield>
<subfield code="d">20250716</subfield>
<subfield code="q">DE-101</subfield>
<subfield code="u">https://d-nb.info/provenance/plan#dnb-cgwrk</subfield>
</datafield>
<datafield ind1=" " ind2=" " tag="883">
<subfield code="8">7\p</subfield>
<subfield code="a">dnb-cgwrk</subfield>
<subfield code="d">20250716</subfield>
<subfield code="q">DE-101</subfield>
<subfield code="u">https://d-nb.info/provenance/plan#dnb-cgwrk</subfield>
</datafield>
<datafield ind1=" " ind2=" " tag="883">
<subfield code="8">8\p</subfield>
<subfield code="a">dnb-cgwrk</subfield>
<subfield code="d">20250716</subfield>
<subfield code="q">DE-101</subfield>
<subfield code="u">https://d-nb.info/provenance/plan#dnb-cgwrk</subfield>
</datafield>
<datafield ind1=" " ind2=" " tag="883">
<subfield code="8">9\p</subfield>
<subfield code="a">dnb-cgwrk</subfield>
<subfield code="d">20250716</subfield>
<subfield code="q">DE-101</subfield>
<subfield code="u">https://d-nb.info/provenance/plan#dnb-cgwrk</subfield>
</datafield>
<datafield ind1=" " ind2=" " tag="883">
<subfield code="8">10\p</subfield>
<subfield code="a">dnb-cgwrk</subfield>
<subfield code="d">20250716</subfield>
<subfield code="q">DE-101</subfield>
<subfield code="u">https://d-nb.info/provenance/plan#dnb-cgwrk</subfield>
</datafield>
<datafield ind1=" " ind2=" " tag="883">
<subfield code="8">11\p</subfield>
<subfield code="a">dnb-cgwrk</subfield>
<subfield code="d">20250716</subfield>
<subfield code="q">DE-101</subfield>
<subfield code="u">https://d-nb.info/provenance/plan#dnb-cgwrk</subfield>
</datafield>
<datafield ind1=" " ind2=" " tag="883">
<subfield code="8">12\p</subfield>
<subfield code="a">dnb-cgwrk</subfield>
<subfield code="d">20250716</subfield>
<subfield code="q">DE-101</subfield>
<subfield code="u">https://d-nb.info/provenance/plan#dnb-cgwrk</subfield>
</datafield>
<datafield ind1=" " ind2=" " tag="883">
<subfield code="8">13\p</subfield>
<subfield code="a">dnb-cgwrk</subfield>
<subfield code="d">20250716</subfield>
<subfield code="q">DE-101</subfield>
<subfield code="u">https://d-nb.info/provenance/plan#dnb-cgwrk</subfield>
</datafield>
<datafield ind1="0" ind2=" " tag="883">
<subfield code="8">14\p</subfield>
<subfield code="a">emagnd</subfield>
<subfield code="c">0,23699</subfield>
<subfield code="d">20220820</subfield>
<subfield code="q">DE-101</subfield>
<subfield code="u">https://d-nb.info/provenance/plan#emagnd</subfield>
</datafield>
<datafield ind1="0" ind2=" " tag="883">
<subfield code="8">15\p</subfield>
<subfield code="a">emagnd</subfield>
<subfield code="c">0,18479</subfield>
<subfield code="d">20220820</subfield>
<subfield code="q">DE-101</subfield>
<subfield code="u">https://d-nb.info/provenance/plan#emagnd</subfield>
</datafield>
<datafield ind1="0" ind2=" " tag="883">
<subfield code="8">16\p</subfield>
<subfield code="a">emagnd</subfield>
<subfield code="c">0,12460</subfield>
<subfield code="d">20220820</subfield>
<subfield code="q">DE-101</subfield>
<subfield code="u">https://d-nb.info/provenance/plan#emagnd</subfield>
</datafield>
<datafield ind1="0" ind2=" " tag="883">
<subfield code="8">17\p</subfield>
<subfield code="a">emagnd</subfield>
<subfield code="c">0,11291</subfield>
<subfield code="d">20220820</subfield>
<subfield code="q">DE-101</subfield>
<subfield code="u">https://d-nb.info/provenance/plan#emagnd</subfield>
</datafield>
<datafield ind1="0" ind2=" " tag="883">
<subfield code="8">18\p</subfield>
<subfield code="a">emagnd</subfield>
<subfield code="c">0,08791</subfield>
<subfield code="d">20220820</subfield>
<subfield code="q">DE-101</subfield>
<subfield code="u">https://d-nb.info/provenance/plan#emagnd</subfield>
</datafield>
<datafield ind1="0" ind2=" " tag="883">
<subfield code="8">19\p</subfield>
<subfield code="a">emagnd</subfield>
<subfield code="c">0,05635</subfield>
<subfield code="d">20220820</subfield>
<subfield code="q">DE-101</subfield>
<subfield code="u">https://d-nb.info/provenance/plan#emagnd</subfield>
</datafield>
<datafield ind1=" " ind2=" " tag="883">
<subfield code="8">21\p</subfield>
<subfield code="a">dnb-cgwrk</subfield>
<subfield code="d">20250716</subfield>
<subfield code="q">DE-101</subfield>
<subfield code="u">https://d-nb.info/provenance/plan#dnb-cgwrk</subfield>
</datafield>
<datafield ind1=" " ind2=" " tag="883">
<subfield code="8">22\p</subfield>
<subfield code="a">dnb-cgwrk</subfield>
<subfield code="d">20250716</subfield>
<subfield code="q">DE-101</subfield>
<subfield code="u">https://d-nb.info/provenance/plan#dnb-cgwrk</subfield>
</datafield>
<datafield ind1="r" ind2=" " tag="925">
<subfield code="a">ro</subfield>
<subfield code="a">rb</subfield>
</datafield>
<datafield ind1=" " ind2=" " tag="927">
<subfield code="a">59572244</subfield>
</datafield>
</record>