<record type="Bibliographic" xmlns="http://www.loc.gov/MARC21/slim">
<leader>00000nam a2200000uc 4500</leader>
<controlfield tag="001">1156532604</controlfield>
<controlfield tag="003">DE-101</controlfield>
<controlfield tag="005">20180424083806.0</controlfield>
<controlfield tag="007">cr||||||||||||</controlfield>
<controlfield tag="008">180423s2017    gw |||||om||| 00||||ger  </controlfield>
<datafield ind1=" " ind2=" " tag="015">
<subfield code="a">18,O05</subfield>
<subfield code="2">dnb</subfield>
</datafield>
<datafield ind1="7" ind2=" " tag="016">
<subfield code="2">DE-101</subfield>
<subfield code="a">1156532604</subfield>
</datafield>
<datafield ind1="7" ind2=" " tag="024">
<subfield code="a">10.6094/UNIFR/15229</subfield>
<subfield code="2">doi</subfield>
</datafield>
<datafield ind1="7" ind2=" " tag="024">
<subfield code="2">urn</subfield>
<subfield code="a">urn:nbn:de:bsz:25-freidok-152292</subfield>
</datafield>
<datafield ind1=" " ind2=" " tag="035">
<subfield code="a">(DE-599)DNB1156532604</subfield>
</datafield>
<datafield ind1=" " ind2=" " tag="035">
<subfield code="a">(OCoLC)1187335976</subfield>
</datafield>
<datafield ind1=" " ind2=" " tag="040">
<subfield code="a">1240</subfield>
<subfield code="b">ger</subfield>
<subfield code="c">DE-101</subfield>
<subfield code="d">0292</subfield>
<subfield code="e">rda</subfield>
</datafield>
<datafield ind1=" " ind2=" " tag="041">
<subfield code="a">ger</subfield>
</datafield>
<datafield ind1=" " ind2=" " tag="044">
<subfield code="c">XA-DE-BW</subfield>
</datafield>
<datafield ind1="7" ind2="4" tag="082">
<subfield code="8">7\p</subfield>
<subfield code="a">320</subfield>
<subfield code="q">DE-101</subfield>
<subfield code="2">23sdnb</subfield>
</datafield>
<datafield ind1="1" ind2=" " tag="100">
<subfield code="0">(DE-588)1156195721</subfield>
<subfield code="0">https://d-nb.info/gnd/1156195721</subfield>
<subfield code="0">(DE-101)1156195721</subfield>
<subfield code="a">Kasper, Sebastian</subfield>
<subfield code="d">1984-</subfield>
<subfield code="e">Verfasser</subfield>
<subfield code="4">aut</subfield>
<subfield code="2">gnd</subfield>
</datafield>
<datafield ind1="1" ind2="0" tag="245">
<subfield code="a">Das Ende der Utopien: der Wandel der Spontis in den langen 1970er Jahren</subfield>
</datafield>
<datafield ind1=" " ind2="1" tag="264">
<subfield code="a">Freiburg</subfield>
<subfield code="b">Universität</subfield>
<subfield code="c">2018</subfield>
</datafield>
<datafield ind1=" " ind2=" " tag="300">
<subfield code="a">Online-Ressource</subfield>
</datafield>
<datafield ind1=" " ind2=" " tag="336">
<subfield code="a">Text</subfield>
<subfield code="b">txt</subfield>
<subfield code="2">rdacontent</subfield>
</datafield>
<datafield ind1=" " ind2=" " tag="337">
<subfield code="a">Computermedien</subfield>
<subfield code="b">c</subfield>
<subfield code="2">rdamedia</subfield>
</datafield>
<datafield ind1=" " ind2=" " tag="338">
<subfield code="a">Online-Ressource</subfield>
<subfield code="b">cr</subfield>
<subfield code="2">rdacarrier</subfield>
</datafield>
<datafield ind1=" " ind2=" " tag="502">
<subfield code="b">Dissertation</subfield>
<subfield code="c">Albert-Ludwigs-Universität Freiburg</subfield>
<subfield code="d">2017</subfield>
</datafield>
<datafield ind1="1" ind2=" " tag="506">
<subfield code="a">Kein Open Access</subfield>
<subfield code="f">Online access with authorization</subfield>
<subfield code="u">http://purl.org/coar/access_right/c_16ec</subfield>
<subfield code="2">star</subfield>
</datafield>
<datafield ind1=" " ind2=" " tag="520">
<subfield code="a">Abstract: Die 1970er-Jahre der Bundesrepublik waren durch tiefgreifende gesellschaftliche Veränderungen gekennzeichnet. Dies betraf insbesondere auch die zahlreichen sozialen Bewegungen dieses „roten Jahrzehnts“, die einen tiefgreifenden Wandel durchliefen, der das linke Milieu bis heute prägt. &lt;br&gt;Eine der bedeutendsten Strömungen dieser Jahre waren die Spontis. Dabei vollzogen sie die fundamentale Veränderung in der Organisationsform, der thematischen Orientierung und der theoretischen Ausrichtung der außerparlamentarischen Linken nicht nur mit, sondern waren daran federführend beteiligt. Aus der zerfallenden 68er-Revolte entstanden, wurden die Spontis zu einem zentralen Wegbereiter der Neuen Sozialen Bewegungen der kommenden Jahrzehnte. Ein Werdegang, der einige wenige prominente Vertreter dieser Strömung wie Joschka Fischer und Daniel Cohn-Bendit von Staatsfeinden zu wichtigen Stützen der Bundesrepublik Deutschland werden ließ. &lt;br&gt;Neben Frage nach dem Zusammenhang zwischen allgemeinen gesellschaftlichen Wandel in der Bundesrepublik und dem der Protestbewegungen, widmet sich Sebastian Kasper in einzelnen Schlaglichtern aktuellen Forschungsfragen zur Neuen Linken: Welche Rolle spielte der oft attestierte linke Antisemitismus in den 1970er-Jahren für die Spontis? Wie sind die als pädophil gebrandmarkten Äußerungen Daniel Cohn-Bendits historisch einzuordnen? Wie war das Verhältnis der Spontis zum Linksterrorismus? Und, welche Bedeutung hatte der sogenannte Deutsche Herbst für die Entwicklung der Protestbewegungen?</subfield>
</datafield>
<datafield ind1=" " ind2=" " tag="540">
<subfield code="f">IN COPYRIGHT</subfield>
<subfield code="u">http://rightsstatements.org/page/InC/1.0</subfield>
<subfield code="2">rs</subfield>
</datafield>
<datafield ind1="1" ind2=" " tag="583">
<subfield code="a">Archivierung/Langzeitarchivierung gewährleistet</subfield>
<subfield code="5">DE-101</subfield>
<subfield code="2">pdager</subfield>
</datafield>
<datafield ind1=" " ind2="7" tag="650">
<subfield code="8">1\p</subfield>
<subfield code="0">(DE-588)4286568-2</subfield>
<subfield code="0">https://d-nb.info/gnd/4286568-2</subfield>
<subfield code="0">(DE-101)042865689</subfield>
<subfield code="a">Neue soziale Bewegung</subfield>
<subfield code="2">gnd</subfield>
</datafield>
<datafield ind1=" " ind2="7" tag="650">
<subfield code="8">2\p</subfield>
<subfield code="0">(DE-588)4226404-2</subfield>
<subfield code="0">https://d-nb.info/gnd/4226404-2</subfield>
<subfield code="0">(DE-101)042264049</subfield>
<subfield code="a">Protestbewegung</subfield>
<subfield code="2">gnd</subfield>
</datafield>
<datafield ind1=" " ind2="7" tag="650">
<subfield code="8">3\p</subfield>
<subfield code="0">(DE-588)4068597-4</subfield>
<subfield code="0">https://d-nb.info/gnd/4068597-4</subfield>
<subfield code="0">(DE-101)040685977</subfield>
<subfield code="a">Alternativbewegung</subfield>
<subfield code="2">gnd</subfield>
</datafield>
<datafield ind1=" " ind2="7" tag="650">
<subfield code="8">4\p</subfield>
<subfield code="0">(DE-588)4055707-8</subfield>
<subfield code="0">https://d-nb.info/gnd/4055707-8</subfield>
<subfield code="0">(DE-101)040557073</subfield>
<subfield code="a">Soziale Bewegung</subfield>
<subfield code="2">gnd</subfield>
</datafield>
<datafield ind1=" " ind2="7" tag="650">
<subfield code="8">5\p</subfield>
<subfield code="0">(DE-588)4159226-8</subfield>
<subfield code="0">https://d-nb.info/gnd/4159226-8</subfield>
<subfield code="0">(DE-101)041592263</subfield>
<subfield code="a">Hausbesetzung</subfield>
<subfield code="2">gnd</subfield>
</datafield>
<datafield ind1=" " ind2="7" tag="650">
<subfield code="8">6\p</subfield>
<subfield code="0">(DE-588)4115367-4</subfield>
<subfield code="0">https://d-nb.info/gnd/4115367-4</subfield>
<subfield code="0">(DE-101)041153677</subfield>
<subfield code="a">Neue Linke</subfield>
<subfield code="2">gnd</subfield>
</datafield>
<datafield ind1=" " ind2="7" tag="650">
<subfield code="0">(DE-588)4394007-9</subfield>
<subfield code="0">https://d-nb.info/gnd/4394007-9</subfield>
<subfield code="0">(DE-101)946203172</subfield>
<subfield code="a">Achtundsechziger</subfield>
<subfield code="2">gnd</subfield>
</datafield>
<datafield ind1=" " ind2="7" tag="650">
<subfield code="0">(DE-588)4115367-4</subfield>
<subfield code="0">https://d-nb.info/gnd/4115367-4</subfield>
<subfield code="0">(DE-101)041153677</subfield>
<subfield code="a">Neue Linke</subfield>
<subfield code="2">gnd</subfield>
</datafield>
<datafield ind1=" " ind2="7" tag="650">
<subfield code="0">(DE-588)4286568-2</subfield>
<subfield code="0">https://d-nb.info/gnd/4286568-2</subfield>
<subfield code="0">(DE-101)042865689</subfield>
<subfield code="a">Neue soziale Bewegung</subfield>
<subfield code="2">gnd</subfield>
</datafield>
<datafield ind1=" " ind2="7" tag="650">
<subfield code="0">(DE-588)4143638-6</subfield>
<subfield code="0">https://d-nb.info/gnd/4143638-6</subfield>
<subfield code="0">(DE-101)041436385</subfield>
<subfield code="a">Außerparlamentarische Opposition</subfield>
<subfield code="2">gnd</subfield>
</datafield>
<datafield ind1=" " ind2="7" tag="650">
<subfield code="0">(DE-588)4058171-8</subfield>
<subfield code="0">https://d-nb.info/gnd/4058171-8</subfield>
<subfield code="0">(DE-101)040581713</subfield>
<subfield code="a">Studentenbewegung</subfield>
<subfield code="2">gnd</subfield>
</datafield>
<datafield ind1=" " ind2="7" tag="650">
<subfield code="0">(DE-588)4071428-7</subfield>
<subfield code="0">https://d-nb.info/gnd/4071428-7</subfield>
<subfield code="0">(DE-101)040714284</subfield>
<subfield code="a">Frauenbewegung</subfield>
<subfield code="2">gnd</subfield>
</datafield>
<datafield ind1=" " ind2="7" tag="650">
<subfield code="0">(DE-588)4159226-8</subfield>
<subfield code="0">https://d-nb.info/gnd/4159226-8</subfield>
<subfield code="0">(DE-101)041592263</subfield>
<subfield code="a">Hausbesetzung</subfield>
<subfield code="2">gnd</subfield>
</datafield>
<datafield ind1=" " ind2="7" tag="650">
<subfield code="0">(DE-588)4055707-8</subfield>
<subfield code="0">https://d-nb.info/gnd/4055707-8</subfield>
<subfield code="0">(DE-101)040557073</subfield>
<subfield code="a">Soziale Bewegung</subfield>
<subfield code="2">gnd</subfield>
</datafield>
<datafield ind1=" " ind2="7" tag="650">
<subfield code="0">(DE-588)4226404-2</subfield>
<subfield code="0">https://d-nb.info/gnd/4226404-2</subfield>
<subfield code="0">(DE-101)042264049</subfield>
<subfield code="a">Protestbewegung</subfield>
<subfield code="2">gnd</subfield>
</datafield>
<datafield ind1=" " ind2="7" tag="650">
<subfield code="0">(DE-588)4002333-3</subfield>
<subfield code="0">https://d-nb.info/gnd/4002333-3</subfield>
<subfield code="0">(DE-101)040023338</subfield>
<subfield code="a">Antisemitismus</subfield>
<subfield code="2">gnd</subfield>
</datafield>
<datafield ind1=" " ind2="7" tag="650">
<subfield code="0">(DE-588)4277512-7</subfield>
<subfield code="0">https://d-nb.info/gnd/4277512-7</subfield>
<subfield code="0">(DE-101)042775124</subfield>
<subfield code="a">Israelbild</subfield>
<subfield code="2">gnd</subfield>
</datafield>
<datafield ind1=" " ind2="7" tag="650">
<subfield code="0">(DE-588)4068597-4</subfield>
<subfield code="0">https://d-nb.info/gnd/4068597-4</subfield>
<subfield code="0">(DE-101)040685977</subfield>
<subfield code="a">Alternativbewegung</subfield>
<subfield code="2">gnd</subfield>
</datafield>
<datafield ind1=" " ind2="7" tag="650">
<subfield code="0">(DE-588)4130375-1</subfield>
<subfield code="0">https://d-nb.info/gnd/4130375-1</subfield>
<subfield code="0">(DE-101)04130375X</subfield>
<subfield code="a">Gegenkultur</subfield>
<subfield code="2">gnd</subfield>
</datafield>
<datafield ind1=" " ind2="7" tag="650">
<subfield code="0">(DE-588)4126126-4</subfield>
<subfield code="0">https://d-nb.info/gnd/4126126-4</subfield>
<subfield code="0">(DE-101)041261267</subfield>
<subfield code="a">Neomarxismus</subfield>
<subfield code="2">gnd</subfield>
</datafield>
<datafield ind1=" " ind2=" " tag="653">
<subfield code="a">Spontis</subfield>
</datafield>
<datafield ind1=" " ind2=" " tag="653">
<subfield code="a">Geschichte Bundesrepublik</subfield>
</datafield>
<datafield ind1=" " ind2=" " tag="653">
<subfield code="a">1970er-Jahre</subfield>
</datafield>
<datafield ind1=" " ind2=" " tag="653">
<subfield code="a">Fabrikintervention</subfield>
</datafield>
<datafield ind1=" " ind2=" " tag="653">
<subfield code="a">Die Grünen</subfield>
</datafield>
<datafield ind1=" " ind2=" " tag="653">
<subfield code="a">Deutscher Herbst</subfield>
</datafield>
<datafield ind1=" " ind2=" " tag="653">
<subfield code="a">rotes Jahrzehnt</subfield>
</datafield>
<datafield ind1=" " ind2="6" tag="653">
<subfield code="a">(local)doctoralThesis</subfield>
</datafield>
<datafield ind1="1" ind2=" " tag="700">
<subfield code="0">(DE-588)143169505</subfield>
<subfield code="0">https://d-nb.info/gnd/143169505</subfield>
<subfield code="0">(DE-101)143169505</subfield>
<subfield code="a">Oberkrome, Willi</subfield>
<subfield code="d">1959-</subfield>
<subfield code="e">Akademischer Betreuer</subfield>
<subfield code="4">dgs</subfield>
<subfield code="2">gnd</subfield>
</datafield>
<datafield ind1="2" ind2=" " tag="710">
<subfield code="0">(DE-588)5150321-9</subfield>
<subfield code="0">https://d-nb.info/gnd/5150321-9</subfield>
<subfield code="0">(DE-101)945498314</subfield>
<subfield code="a">Albert-Ludwigs-Universität Freiburg</subfield>
<subfield code="b">Historisches Seminar</subfield>
<subfield code="e">Mitwirkender</subfield>
<subfield code="4">ctb</subfield>
<subfield code="2">gnd</subfield>
</datafield>
<datafield ind1="2" ind2=" " tag="710">
<subfield code="0">(DE-588)66230-6</subfield>
<subfield code="0">https://d-nb.info/gnd/66230-6</subfield>
<subfield code="0">(DE-101)000662305</subfield>
<subfield code="a">Albert-Ludwigs-Universität Freiburg</subfield>
<subfield code="b">Philosophische Fakultät</subfield>
<subfield code="e">Grad-verleihende Institution</subfield>
<subfield code="4">dgg</subfield>
<subfield code="2">gnd</subfield>
</datafield>
<datafield ind1="2" ind2=" " tag="710">
<subfield code="0">(DE-588)2024338-8</subfield>
<subfield code="0">https://d-nb.info/gnd/2024338-8</subfield>
<subfield code="0">(DE-101)004816633</subfield>
<subfield code="a">Albert-Ludwigs-Universität Freiburg</subfield>
<subfield code="e">Verlag</subfield>
<subfield code="4">pbl</subfield>
<subfield code="2">gnd</subfield>
</datafield>
<datafield ind1=" " ind2=" " tag="850">
<subfield code="a">DE-101a</subfield>
<subfield code="a">DE-101b</subfield>
</datafield>
<datafield ind1="4" ind2="0" tag="856">
<subfield code="u">https://doi.org/10.6094/UNIFR/15229</subfield>
<subfield code="x">Resolving-System</subfield>
</datafield>
<datafield ind1="4" ind2="0" tag="856">
<subfield code="u">https://nbn-resolving.org/urn:nbn:de:bsz:25-freidok-152292</subfield>
<subfield code="x">Resolving-System</subfield>
</datafield>
<datafield ind1=" " ind2="0" tag="856">
<subfield code="u">https://d-nb.info/1156532604/34</subfield>
<subfield code="x">Langzeitarchivierung Nationalbibliothek</subfield>
</datafield>
<datafield ind1="4" ind2=" " tag="856">
<subfield code="q">application/pdf</subfield>
<subfield code="u">https://freidok.uni-freiburg.de/data/15229</subfield>
<subfield code="z">kostenfrei</subfield>
</datafield>
<datafield ind1="0" ind2=" " tag="883">
<subfield code="8">1\p</subfield>
<subfield code="a">aepgnd</subfield>
<subfield code="c">0,32015</subfield>
<subfield code="d">20180424</subfield>
<subfield code="q">DE-101</subfield>
<subfield code="u">https://d-nb.info/provenance/plan#aepgnd</subfield>
</datafield>
<datafield ind1="0" ind2=" " tag="883">
<subfield code="8">2\p</subfield>
<subfield code="a">aepgnd</subfield>
<subfield code="c">0,28350</subfield>
<subfield code="d">20180424</subfield>
<subfield code="q">DE-101</subfield>
<subfield code="u">https://d-nb.info/provenance/plan#aepgnd</subfield>
</datafield>
<datafield ind1="0" ind2=" " tag="883">
<subfield code="8">3\p</subfield>
<subfield code="a">aepgnd</subfield>
<subfield code="c">0,16562</subfield>
<subfield code="d">20180424</subfield>
<subfield code="q">DE-101</subfield>
<subfield code="u">https://d-nb.info/provenance/plan#aepgnd</subfield>
</datafield>
<datafield ind1="0" ind2=" " tag="883">
<subfield code="8">4\p</subfield>
<subfield code="a">aepgnd</subfield>
<subfield code="c">0,14352</subfield>
<subfield code="d">20180424</subfield>
<subfield code="q">DE-101</subfield>
<subfield code="u">https://d-nb.info/provenance/plan#aepgnd</subfield>
</datafield>
<datafield ind1="0" ind2=" " tag="883">
<subfield code="8">5\p</subfield>
<subfield code="a">aepgnd</subfield>
<subfield code="c">0,13057</subfield>
<subfield code="d">20180424</subfield>
<subfield code="q">DE-101</subfield>
<subfield code="u">https://d-nb.info/provenance/plan#aepgnd</subfield>
</datafield>
<datafield ind1="0" ind2=" " tag="883">
<subfield code="8">6\p</subfield>
<subfield code="a">aepgnd</subfield>
<subfield code="c">0,12806</subfield>
<subfield code="d">20180424</subfield>
<subfield code="q">DE-101</subfield>
<subfield code="u">https://d-nb.info/provenance/plan#aepgnd</subfield>
</datafield>
<datafield ind1="0" ind2=" " tag="883">
<subfield code="8">7\p</subfield>
<subfield code="a">aepsg</subfield>
<subfield code="c">0,97357</subfield>
<subfield code="d">20180424</subfield>
<subfield code="q">DE-101</subfield>
<subfield code="u">https://d-nb.info/provenance/plan#aepsg</subfield>
</datafield>
<datafield ind1="r" ind2=" " tag="925">
<subfield code="a">ro</subfield>
<subfield code="a">rh</subfield>
</datafield>
<datafield ind1=" " ind2=" " tag="927">
<subfield code="a">28966953</subfield>
</datafield>
</record>