<record type="Bibliographic" xmlns="http://www.loc.gov/MARC21/slim">
<leader>00000nam a2200000uc 4500</leader>
<controlfield tag="001">1187067490</controlfield>
<controlfield tag="003">DE-101</controlfield>
<controlfield tag="005">20250605150624.0</controlfield>
<controlfield tag="007">cr||||||||||||</controlfield>
<controlfield tag="008">190525s2016    gw |||||o|||| 00||||ger  </controlfield>
<datafield ind1=" " ind2=" " tag="015">
<subfield code="a">19,O06</subfield>
<subfield code="2">dnb</subfield>
</datafield>
<datafield ind1="7" ind2=" " tag="016">
<subfield code="2">DE-101</subfield>
<subfield code="a">1187067490</subfield>
</datafield>
<datafield ind1="7" ind2=" " tag="024">
<subfield code="a">10.3224/peripherie.v36i144.25716</subfield>
<subfield code="2">doi</subfield>
</datafield>
<datafield ind1="7" ind2=" " tag="024">
<subfield code="2">urn</subfield>
<subfield code="a">urn:nbn:de:0168-ssoar-58835-6</subfield>
</datafield>
<datafield ind1="8" ind2=" " tag="024">
<subfield code="a">oai:gesis.izsoz.de:document/58835</subfield>
</datafield>
<datafield ind1=" " ind2=" " tag="035">
<subfield code="a">(DE-599)DNB1187067490</subfield>
</datafield>
<datafield ind1=" " ind2=" " tag="035">
<subfield code="a">(OCoLC)1129923889</subfield>
</datafield>
<datafield ind1=" " ind2=" " tag="040">
<subfield code="a">1240</subfield>
<subfield code="b">ger</subfield>
<subfield code="c">DE-101</subfield>
<subfield code="d">1250</subfield>
</datafield>
<datafield ind1=" " ind2=" " tag="041">
<subfield code="a">ger</subfield>
</datafield>
<datafield ind1=" " ind2=" " tag="044">
<subfield code="c">XA-DE-BW</subfield>
</datafield>
<datafield ind1="7" ind2="4" tag="082">
<subfield code="8">11\p</subfield>
<subfield code="a">700</subfield>
<subfield code="a">320</subfield>
<subfield code="q">DE-101</subfield>
<subfield code="2">23sdnb</subfield>
</datafield>
<datafield ind1=" " ind2=" " tag="084">
<subfield code="a">320</subfield>
<subfield code="a">301</subfield>
<subfield code="2">sdnb</subfield>
</datafield>
<datafield ind1="1" ind2=" " tag="100">
<subfield code="a">Robbe, Ksenia</subfield>
<subfield code="e">Verfasser</subfield>
<subfield code="4">aut</subfield>
</datafield>
<datafield ind1="1" ind2="0" tag="245">
<subfield code="a">Erinnerung als Waffe der Dekolonisierung: Kunst und Student*innen-Bewegung im heutigen Südafrika</subfield>
</datafield>
<datafield ind1="3" ind2=" " tag="246">
<subfield code="a">Memory as a Decolonising Weapon: Art and Student Mobilisation in South Africa today</subfield>
</datafield>
<datafield ind1=" " ind2="1" tag="264">
<subfield code="a">Mannheim</subfield>
<subfield code="c">2016</subfield>
</datafield>
<datafield ind1=" " ind2=" " tag="300">
<subfield code="a">Online-Ressource</subfield>
</datafield>
<datafield ind1=" " ind2=" " tag="336">
<subfield code="a">Text</subfield>
<subfield code="b">txt</subfield>
<subfield code="2">rdacontent</subfield>
</datafield>
<datafield ind1=" " ind2=" " tag="337">
<subfield code="a">Computermedien</subfield>
<subfield code="b">c</subfield>
<subfield code="2">rdamedia</subfield>
</datafield>
<datafield ind1=" " ind2=" " tag="338">
<subfield code="a">Online-Ressource</subfield>
<subfield code="b">cr</subfield>
<subfield code="2">rdacarrier</subfield>
</datafield>
<datafield ind1=" " ind2=" " tag="500">
<subfield code="a">Veröffentlichungsversion</subfield>
</datafield>
<datafield ind1=" " ind2=" " tag="500">
<subfield code="a">begutachtet (peer reviewed)</subfield>
</datafield>
<datafield ind1=" " ind2=" " tag="500">
<subfield code="a">In: PERIPHERIE - Politik, Ökonomie, Kultur ; 36 (2016) 3 ; 432-454</subfield>
</datafield>
<datafield ind1="0" ind2=" " tag="506">
<subfield code="a">Open Access</subfield>
<subfield code="f">Unrestricted online access</subfield>
<subfield code="u">http://purl.org/coar/access_right/c_abf2</subfield>
<subfield code="2">star</subfield>
</datafield>
<datafield ind1="0" ind2=" " tag="506">
<subfield code="a">Open Access</subfield>
<subfield code="f">Unrestricted online access</subfield>
<subfield code="u">http://purl.org/coar/access_right/c_abf2</subfield>
<subfield code="2">star</subfield>
</datafield>
<datafield ind1=" " ind2=" " tag="520">
<subfield code="a">Abstract: Beim Beobachten derzeitiger Protestbewegungen in der Postkolonie, besonders solchen von Studierenden, die die Ungleichheit auf dem Campus und in Gesellschaften allgemein thematisieren, lässt sich die Rolle der Kunst bei der Sichtbarmachung der verknüpften Formen des Kolonialismus und des Kapitalismus nicht übersehen. Diese Repräsentationen verleihen nicht nur abstrakten Ideen Sichtbarkeit, sie beinhalten zudem auch symbolische Repertoires, um Regime der Kolonialität anzugehen. Indem sie Erinnerungen an Kolonialisierung, Sklaverei und die Ausbeutung billiger Arbeitskräfte wachrufen, machen sie die kolonialen Ursprünge der heutigen sozialen Beziehungen sichtbar. Der Artikel reflektiert den Einsatz der Erinnerung anhand von poetischen und visuellen Praktiken, die 2015 Teil der Bewegungen #RhodesMustFall und #FeesMustFall an der Universität Kapstadt waren. Der Artikel argumentiert, dass heutige Erinnerungspraktiken ähnlich wie in früheren Beispielen von Kunst und Gedichten der Anti-Apa</subfield>
</datafield>
<datafield ind1=" " ind2=" " tag="540">
<subfield code="a">Creative Commons - Namensnennung, Weitergabe unter gleichen Bedingungen 4.0</subfield>
<subfield code="u">http://creativecommons.org/licenses/by-sa/4.0</subfield>
<subfield code="2">cc</subfield>
</datafield>
<datafield ind1="1" ind2=" " tag="583">
<subfield code="a">Archivierung/Langzeitarchivierung gewährleistet</subfield>
<subfield code="5">DE-101</subfield>
<subfield code="2">pdager</subfield>
</datafield>
<datafield ind1=" " ind2="7" tag="648">
<subfield code="a">Geschichte 2000-2016</subfield>
<subfield code="9">rswk-swf</subfield>
<subfield code="2">gnd</subfield>
</datafield>
<datafield ind1=" " ind2="7" tag="650">
<subfield code="0">(DE-588)4058171-8</subfield>
<subfield code="0">https://d-nb.info/gnd/4058171-8</subfield>
<subfield code="0">(DE-101)040581713</subfield>
<subfield code="a">Studentenbewegung</subfield>
<subfield code="9">rswk-swf</subfield>
<subfield code="2">gnd</subfield>
</datafield>
<datafield ind1=" " ind2="7" tag="650">
<subfield code="0">(DE-588)4226404-2</subfield>
<subfield code="0">https://d-nb.info/gnd/4226404-2</subfield>
<subfield code="0">(DE-101)042264049</subfield>
<subfield code="a">Protestbewegung</subfield>
<subfield code="9">rswk-swf</subfield>
<subfield code="2">gnd</subfield>
</datafield>
<datafield ind1=" " ind2="7" tag="650">
<subfield code="0">(DE-588)4033422-3</subfield>
<subfield code="0">https://d-nb.info/gnd/4033422-3</subfield>
<subfield code="0">(DE-101)040334228</subfield>
<subfield code="a">Künste</subfield>
<subfield code="9">rswk-swf</subfield>
<subfield code="2">gnd</subfield>
</datafield>
<datafield ind1=" " ind2="7" tag="650">
<subfield code="0">(DE-588)4175029-9</subfield>
<subfield code="0">https://d-nb.info/gnd/4175029-9</subfield>
<subfield code="0">(DE-101)041750292</subfield>
<subfield code="a">Politische Kunst</subfield>
<subfield code="9">rswk-swf</subfield>
<subfield code="2">gnd</subfield>
</datafield>
<datafield ind1=" " ind2="7" tag="650">
<subfield code="0">(DE-588)4000973-7</subfield>
<subfield code="0">https://d-nb.info/gnd/4000973-7</subfield>
<subfield code="0">(DE-101)040009734</subfield>
<subfield code="a">Aktivismus</subfield>
<subfield code="9">rswk-swf</subfield>
<subfield code="2">gnd</subfield>
</datafield>
<datafield ind1=" " ind2="7" tag="650">
<subfield code="0">(DE-588)7612519-1</subfield>
<subfield code="0">https://d-nb.info/gnd/7612519-1</subfield>
<subfield code="0">(DE-101)988837412</subfield>
<subfield code="a">Kampagne</subfield>
<subfield code="9">rswk-swf</subfield>
<subfield code="2">gnd</subfield>
</datafield>
<datafield ind1=" " ind2="7" tag="650">
<subfield code="0">(DE-588)4200793-8</subfield>
<subfield code="0">https://d-nb.info/gnd/4200793-8</subfield>
<subfield code="0">(DE-101)042007933</subfield>
<subfield code="a">Kollektives Gedächtnis</subfield>
<subfield code="9">rswk-swf</subfield>
<subfield code="2">gnd</subfield>
</datafield>
<datafield ind1=" " ind2="7" tag="650">
<subfield code="8">3\p</subfield>
<subfield code="0">(DE-588)4058167-6</subfield>
<subfield code="0">https://d-nb.info/gnd/4058167-6</subfield>
<subfield code="0">(DE-101)040581675</subfield>
<subfield code="a">Student</subfield>
<subfield code="2">gnd</subfield>
</datafield>
<datafield ind1=" " ind2="7" tag="650">
<subfield code="8">4\p</subfield>
<subfield code="0">(DE-588)4070860-3</subfield>
<subfield code="0">https://d-nb.info/gnd/4070860-3</subfield>
<subfield code="0">(DE-101)040708608</subfield>
<subfield code="a">Entkolonialisierung</subfield>
<subfield code="2">gnd</subfield>
</datafield>
<datafield ind1=" " ind2="7" tag="650">
<subfield code="8">5\p</subfield>
<subfield code="0">(DE-588)4114333-4</subfield>
<subfield code="0">https://d-nb.info/gnd/4114333-4</subfield>
<subfield code="0">(DE-101)041143337</subfield>
<subfield code="a">Kunst</subfield>
<subfield code="2">gnd</subfield>
</datafield>
<datafield ind1=" " ind2="7" tag="650">
<subfield code="8">6\p</subfield>
<subfield code="0">(DE-588)4200793-8</subfield>
<subfield code="0">https://d-nb.info/gnd/4200793-8</subfield>
<subfield code="0">(DE-101)042007933</subfield>
<subfield code="a">Kollektives Gedächtnis</subfield>
<subfield code="2">gnd</subfield>
</datafield>
<datafield ind1=" " ind2="7" tag="650">
<subfield code="8">8\p</subfield>
<subfield code="0">(DE-588)4226404-2</subfield>
<subfield code="0">https://d-nb.info/gnd/4226404-2</subfield>
<subfield code="0">(DE-101)042264049</subfield>
<subfield code="a">Protestbewegung</subfield>
<subfield code="2">gnd</subfield>
</datafield>
<datafield ind1=" " ind2="7" tag="650">
<subfield code="8">9\p</subfield>
<subfield code="0">(DE-588)4012475-7</subfield>
<subfield code="0">https://d-nb.info/gnd/4012475-7</subfield>
<subfield code="0">(DE-101)040124754</subfield>
<subfield code="a">Diskurs</subfield>
<subfield code="2">gnd</subfield>
</datafield>
<datafield ind1=" " ind2="7" tag="650">
<subfield code="8">10\p</subfield>
<subfield code="0">(DE-588)4058171-8</subfield>
<subfield code="0">https://d-nb.info/gnd/4058171-8</subfield>
<subfield code="0">(DE-101)040581713</subfield>
<subfield code="a">Studentenbewegung</subfield>
<subfield code="2">gnd</subfield>
</datafield>
<datafield ind1=" " ind2="7" tag="651">
<subfield code="0">(DE-588)4078012-0</subfield>
<subfield code="0">https://d-nb.info/gnd/4078012-0</subfield>
<subfield code="0">(DE-101)040780120</subfield>
<subfield code="a">Südafrika</subfield>
<subfield code="9">rswk-swf</subfield>
<subfield code="2">gnd</subfield>
</datafield>
<datafield ind1=" " ind2="7" tag="651">
<subfield code="8">1\p</subfield>
<subfield code="0">(DE-588)4078012-0</subfield>
<subfield code="0">https://d-nb.info/gnd/4078012-0</subfield>
<subfield code="0">(DE-101)040780120</subfield>
<subfield code="a">Südafrika</subfield>
<subfield code="2">gnd</subfield>
</datafield>
<datafield ind1=" " ind2="7" tag="651">
<subfield code="8">2\p</subfield>
<subfield code="0">(DE-588)4058393-4</subfield>
<subfield code="0">https://d-nb.info/gnd/4058393-4</subfield>
<subfield code="0">(DE-101)040583937</subfield>
<subfield code="a">Südafrika</subfield>
<subfield code="g">Kontinent</subfield>
<subfield code="2">gnd</subfield>
</datafield>
<datafield ind1=" " ind2="7" tag="651">
<subfield code="8">7\p</subfield>
<subfield code="0">(DE-588)4011882-4</subfield>
<subfield code="0">https://d-nb.info/gnd/4011882-4</subfield>
<subfield code="0">(DE-101)040118827</subfield>
<subfield code="a">Deutschland</subfield>
<subfield code="2">gnd</subfield>
</datafield>
<datafield ind1=" " ind2="0" tag="653">
<subfield code="a">(thesoz)Erinnerung</subfield>
</datafield>
<datafield ind1=" " ind2="0" tag="653">
<subfield code="a">(thesoz)kollektives Gedächtnis</subfield>
</datafield>
<datafield ind1=" " ind2="0" tag="653">
<subfield code="a">(thesoz)soziale Bewegung</subfield>
</datafield>
<datafield ind1=" " ind2="0" tag="653">
<subfield code="a">(thesoz)Protestbewegung</subfield>
</datafield>
<datafield ind1=" " ind2="0" tag="653">
<subfield code="a">(thesoz)Studentin</subfield>
</datafield>
<datafield ind1=" " ind2="0" tag="653">
<subfield code="a">(thesoz)Kunst</subfield>
</datafield>
<datafield ind1=" " ind2="0" tag="653">
<subfield code="a">(thesoz)Dichtung</subfield>
</datafield>
<datafield ind1=" " ind2="0" tag="653">
<subfield code="a">(thesoz)Kolonialismus</subfield>
</datafield>
<datafield ind1=" " ind2="0" tag="653">
<subfield code="a">(thesoz)Kapitalismus</subfield>
</datafield>
<datafield ind1=" " ind2="0" tag="653">
<subfield code="a">(thesoz)Postkolonialismus</subfield>
</datafield>
<datafield ind1=" " ind2="0" tag="653">
<subfield code="a">(thesoz)Sklaverei</subfield>
</datafield>
<datafield ind1=" " ind2="0" tag="653">
<subfield code="a">(thesoz)Ausbeutung</subfield>
</datafield>
<datafield ind1=" " ind2="0" tag="653">
<subfield code="a">(thesoz)Erinnerungskultur</subfield>
</datafield>
<datafield ind1=" " ind2="0" tag="653">
<subfield code="a">(thesoz)Republik Südafrika</subfield>
</datafield>
<datafield ind1=" " ind2="0" tag="653">
<subfield code="a">(thesoz)südliches Afrika</subfield>
</datafield>
<datafield ind1="0" ind2="0" tag="689">
<subfield code="0">(DE-588)4078012-0</subfield>
<subfield code="0">https://d-nb.info/gnd/4078012-0</subfield>
<subfield code="0">(DE-101)040780120</subfield>
<subfield code="D">g</subfield>
<subfield code="a">Südafrika</subfield>
</datafield>
<datafield ind1="0" ind2="1" tag="689">
<subfield code="0">(DE-588)4058171-8</subfield>
<subfield code="0">https://d-nb.info/gnd/4058171-8</subfield>
<subfield code="0">(DE-101)040581713</subfield>
<subfield code="D">s</subfield>
<subfield code="a">Studentenbewegung</subfield>
</datafield>
<datafield ind1="0" ind2="2" tag="689">
<subfield code="0">(DE-588)4226404-2</subfield>
<subfield code="0">https://d-nb.info/gnd/4226404-2</subfield>
<subfield code="0">(DE-101)042264049</subfield>
<subfield code="D">s</subfield>
<subfield code="a">Protestbewegung</subfield>
</datafield>
<datafield ind1="0" ind2="3" tag="689">
<subfield code="0">(DE-588)4033422-3</subfield>
<subfield code="0">https://d-nb.info/gnd/4033422-3</subfield>
<subfield code="0">(DE-101)040334228</subfield>
<subfield code="D">s</subfield>
<subfield code="a">Künste</subfield>
</datafield>
<datafield ind1="0" ind2="4" tag="689">
<subfield code="0">(DE-588)4175029-9</subfield>
<subfield code="0">https://d-nb.info/gnd/4175029-9</subfield>
<subfield code="0">(DE-101)041750292</subfield>
<subfield code="D">s</subfield>
<subfield code="a">Politische Kunst</subfield>
</datafield>
<datafield ind1="0" ind2="5" tag="689">
<subfield code="0">(DE-588)4000973-7</subfield>
<subfield code="0">https://d-nb.info/gnd/4000973-7</subfield>
<subfield code="0">(DE-101)040009734</subfield>
<subfield code="D">s</subfield>
<subfield code="a">Aktivismus</subfield>
</datafield>
<datafield ind1="0" ind2="6" tag="689">
<subfield code="0">(DE-588)7612519-1</subfield>
<subfield code="0">https://d-nb.info/gnd/7612519-1</subfield>
<subfield code="0">(DE-101)988837412</subfield>
<subfield code="D">s</subfield>
<subfield code="a">Kampagne</subfield>
</datafield>
<datafield ind1="0" ind2="7" tag="689">
<subfield code="0">(DE-588)4200793-8</subfield>
<subfield code="0">https://d-nb.info/gnd/4200793-8</subfield>
<subfield code="0">(DE-101)042007933</subfield>
<subfield code="D">s</subfield>
<subfield code="a">Kollektives Gedächtnis</subfield>
</datafield>
<datafield ind1="0" ind2="8" tag="689">
<subfield code="A">z</subfield>
<subfield code="a">Geschichte 2000-2016</subfield>
</datafield>
<datafield ind1="0" ind2=" " tag="689">
<subfield code="5">DE-101</subfield>
<subfield code="5">DE-101</subfield>
</datafield>
<datafield ind1=" " ind2=" " tag="850">
<subfield code="a">DE-101a</subfield>
<subfield code="a">DE-101b</subfield>
</datafield>
<datafield ind1="4" ind2="0" tag="856">
<subfield code="u">https://doi.org/10.3224/peripherie.v36i144.25716</subfield>
<subfield code="x">Resolving-System</subfield>
</datafield>
<datafield ind1="4" ind2="0" tag="856">
<subfield code="u">https://nbn-resolving.org/urn:nbn:de:0168-ssoar-58835-6</subfield>
<subfield code="x">Resolving-System</subfield>
</datafield>
<datafield ind1=" " ind2="0" tag="856">
<subfield code="u">https://d-nb.info/1187067490/34</subfield>
<subfield code="x">Langzeitarchivierung Nationalbibliothek</subfield>
</datafield>
<datafield ind1="4" ind2=" " tag="856">
<subfield code="q">application/pdf</subfield>
<subfield code="s"> bytes</subfield>
<subfield code="u">https://www.ssoar.info/ssoar/handle/document/58835</subfield>
</datafield>
<datafield ind1="0" ind2=" " tag="883">
<subfield code="8">1\p</subfield>
<subfield code="a">ki04</subfield>
<subfield code="c">0,33517</subfield>
<subfield code="d">20240815</subfield>
<subfield code="q">DE-101</subfield>
<subfield code="u">https://d-nb.info/provenance/plan#ki04</subfield>
</datafield>
<datafield ind1="0" ind2=" " tag="883">
<subfield code="8">2\p</subfield>
<subfield code="a">ki04</subfield>
<subfield code="c">0,13285</subfield>
<subfield code="d">20240815</subfield>
<subfield code="q">DE-101</subfield>
<subfield code="u">https://d-nb.info/provenance/plan#ki04</subfield>
</datafield>
<datafield ind1="0" ind2=" " tag="883">
<subfield code="8">3\p</subfield>
<subfield code="a">ki04</subfield>
<subfield code="c">0,04622</subfield>
<subfield code="d">20240815</subfield>
<subfield code="q">DE-101</subfield>
<subfield code="u">https://d-nb.info/provenance/plan#ki04</subfield>
</datafield>
<datafield ind1="0" ind2=" " tag="883">
<subfield code="8">4\p</subfield>
<subfield code="a">ki04</subfield>
<subfield code="c">0,03558</subfield>
<subfield code="d">20240815</subfield>
<subfield code="q">DE-101</subfield>
<subfield code="u">https://d-nb.info/provenance/plan#ki04</subfield>
</datafield>
<datafield ind1="0" ind2=" " tag="883">
<subfield code="8">5\p</subfield>
<subfield code="a">ki04</subfield>
<subfield code="c">0,02638</subfield>
<subfield code="d">20240815</subfield>
<subfield code="q">DE-101</subfield>
<subfield code="u">https://d-nb.info/provenance/plan#ki04</subfield>
</datafield>
<datafield ind1="0" ind2=" " tag="883">
<subfield code="8">6\p</subfield>
<subfield code="a">ki04</subfield>
<subfield code="c">0,02045</subfield>
<subfield code="d">20240815</subfield>
<subfield code="q">DE-101</subfield>
<subfield code="u">https://d-nb.info/provenance/plan#ki04</subfield>
</datafield>
<datafield ind1="0" ind2=" " tag="883">
<subfield code="8">7\p</subfield>
<subfield code="a">ki04</subfield>
<subfield code="c">0,00598</subfield>
<subfield code="d">20240815</subfield>
<subfield code="q">DE-101</subfield>
<subfield code="u">https://d-nb.info/provenance/plan#ki04</subfield>
</datafield>
<datafield ind1="0" ind2=" " tag="883">
<subfield code="8">8\p</subfield>
<subfield code="a">ki04</subfield>
<subfield code="c">0,00202</subfield>
<subfield code="d">20240815</subfield>
<subfield code="q">DE-101</subfield>
<subfield code="u">https://d-nb.info/provenance/plan#ki04</subfield>
</datafield>
<datafield ind1="0" ind2=" " tag="883">
<subfield code="8">9\p</subfield>
<subfield code="a">ki04</subfield>
<subfield code="c">0,00199</subfield>
<subfield code="d">20240815</subfield>
<subfield code="q">DE-101</subfield>
<subfield code="u">https://d-nb.info/provenance/plan#ki04</subfield>
</datafield>
<datafield ind1="0" ind2=" " tag="883">
<subfield code="8">10\p</subfield>
<subfield code="a">ki04</subfield>
<subfield code="c">0,00163</subfield>
<subfield code="d">20240815</subfield>
<subfield code="q">DE-101</subfield>
<subfield code="u">https://d-nb.info/provenance/plan#ki04</subfield>
</datafield>
<datafield ind1="2" ind2=" " tag="883">
<subfield code="8">11\p</subfield>
<subfield code="a">dnb</subfield>
<subfield code="d">20240819</subfield>
<subfield code="q">DE-101</subfield>
<subfield code="u">https://d-nb.info/provenance/plan#dnb</subfield>
</datafield>
<datafield ind1="r" ind2=" " tag="925">
<subfield code="a">ro</subfield>
<subfield code="a">rb</subfield>
</datafield>
<datafield ind1=" " ind2=" " tag="927">
<subfield code="a">59572244</subfield>
</datafield>
</record>