<record type="Bibliographic" xmlns="http://www.loc.gov/MARC21/slim">
<leader>00000nam a2200000uc 4500</leader>
<controlfield tag="001">1243214147</controlfield>
<controlfield tag="003">DE-101</controlfield>
<controlfield tag="005">20211015064434.0</controlfield>
<controlfield tag="007">cr||||||||||||</controlfield>
<controlfield tag="008">211014s2014    gw |||||o|||| 00||||ger  </controlfield>
<datafield ind1=" " ind2=" " tag="015">
<subfield code="a">21,O11</subfield>
<subfield code="2">dnb</subfield>
</datafield>
<datafield ind1="7" ind2=" " tag="016">
<subfield code="2">DE-101</subfield>
<subfield code="a">1243214147</subfield>
</datafield>
<datafield ind1=" " ind2=" " tag="020">
<subfield code="a">9783839425800</subfield>
<subfield code="9">978-3-8394-2580-0</subfield>
</datafield>
<datafield ind1="7" ind2=" " tag="024">
<subfield code="a">10.14361/transcript.9783839425800</subfield>
<subfield code="2">doi</subfield>
</datafield>
<datafield ind1="7" ind2=" " tag="024">
<subfield code="2">urn</subfield>
<subfield code="a">urn:nbn:de:0168-ssoar-69384-1</subfield>
</datafield>
<datafield ind1=" " ind2=" " tag="035">
<subfield code="a">(DE-599)DNB1243214147</subfield>
</datafield>
<datafield ind1=" " ind2=" " tag="040">
<subfield code="a">1240</subfield>
<subfield code="b">ger</subfield>
<subfield code="c">DE-101</subfield>
<subfield code="d">0292</subfield>
</datafield>
<datafield ind1=" " ind2=" " tag="041">
<subfield code="8">1\p</subfield>
<subfield code="a">ger</subfield>
</datafield>
<datafield ind1=" " ind2=" " tag="044">
<subfield code="c">XA-DE-BW</subfield>
</datafield>
<datafield ind1="0" ind2="4" tag="082">
<subfield code="8">11\u</subfield>
<subfield code="8">12\p</subfield>
<subfield code="a">940.556</subfield>
<subfield code="q">DE-101</subfield>
<subfield code="2">22/ger</subfield>
</datafield>
<datafield ind1="7" ind2=" " tag="083">
<subfield code="8">13\p</subfield>
<subfield code="a">303.482</subfield>
<subfield code="q">DE-101</subfield>
<subfield code="2">23kdnb</subfield>
</datafield>
<datafield ind1="7" ind2=" " tag="083">
<subfield code="8">14\p</subfield>
<subfield code="a">940</subfield>
<subfield code="q">DE-101</subfield>
<subfield code="2">23sdnb</subfield>
</datafield>
<datafield ind1=" " ind2=" " tag="084">
<subfield code="a">900</subfield>
<subfield code="2">sdnb</subfield>
</datafield>
<datafield ind1=" " ind2=" " tag="085">
<subfield code="8">11\u</subfield>
<subfield code="b">940.556</subfield>
</datafield>
<datafield ind1="1" ind2=" " tag="100">
<subfield code="8">3\p</subfield>
<subfield code="0">(DE-588)138316058</subfield>
<subfield code="0">https://d-nb.info/gnd/138316058</subfield>
<subfield code="0">(DE-101)138316058</subfield>
<subfield code="a">Lorenz, Robert</subfield>
<subfield code="d">1983-</subfield>
<subfield code="e">Herausgeber</subfield>
<subfield code="4">edt</subfield>
<subfield code="2">gnd</subfield>
</datafield>
<datafield ind1="1" ind2="0" tag="245">
<subfield code="a">1964 - das Jahr, mit dem "68" begann</subfield>
</datafield>
<datafield ind1=" " ind2="1" tag="264">
<subfield code="a">Mannheim</subfield>
<subfield code="b">SSOAR, GESIS – Leibniz-Institut für Sozialwissenschaften e.V.</subfield>
<subfield code="c">2014</subfield>
</datafield>
<datafield ind1=" " ind2="1" tag="264">
<subfield code="a">Bielefeld</subfield>
<subfield code="b">transcript Verlag</subfield>
<subfield code="c">2014</subfield>
</datafield>
<datafield ind1=" " ind2=" " tag="300">
<subfield code="a">Online-Ressource, 375 S.</subfield>
</datafield>
<datafield ind1=" " ind2=" " tag="336">
<subfield code="a">Text</subfield>
<subfield code="b">txt</subfield>
<subfield code="2">rdacontent</subfield>
</datafield>
<datafield ind1=" " ind2=" " tag="337">
<subfield code="a">Computermedien</subfield>
<subfield code="b">c</subfield>
<subfield code="2">rdamedia</subfield>
</datafield>
<datafield ind1=" " ind2=" " tag="338">
<subfield code="a">Online-Ressource</subfield>
<subfield code="b">cr</subfield>
<subfield code="2">rdacarrier</subfield>
</datafield>
<datafield ind1="1" ind2=" " tag="490">
<subfield code="a">Studien des Göttinger Instituts für Demokratieforschung zur Geschichte politischer und gesellschaftlicher Kontroversen</subfield>
<subfield code="v">Bd. 7</subfield>
</datafield>
<datafield ind1=" " ind2=" " tag="500">
<subfield code="a">Veröffentlichungsversion</subfield>
</datafield>
<datafield ind1=" " ind2=" " tag="500">
<subfield code="a">begutachtet</subfield>
</datafield>
<datafield ind1="0" ind2=" " tag="506">
<subfield code="a">Open Access</subfield>
<subfield code="f">Unrestricted online access</subfield>
<subfield code="u">http://purl.org/coar/access_right/c_abf2</subfield>
<subfield code="2">star</subfield>
</datafield>
<datafield ind1=" " ind2=" " tag="520">
<subfield code="a">Abstract: Das Jahr 1968 wird gemeinhin mit der Überwindung überkommener Gesellschaftsstrukturen und dem Entree des bürgerrechtlichen Fortschritts verbunden. Doch dieses Datum war nicht Ausgangs-, sondern vielmehr Kulminationspunkt politischen und sozialen Wandels. Denn vieles von dem, was sich mit der Chiffre "68" verbindet, begann schon vorher. 1964 verdichteten sich zahlreiche Ereignisse zu einer Zäsur, die den gesellschaftlichen Umbruch schon vor 1968 einläutete. Mit dem Blick auf unterschiedliche Episoden aus Gesellschaft und Politik hinterfragt dieser Band den bisherigen Stellenwert von "68" und weist nach, dass ein erheblicher Teil der mentalen Modernisierung schon viel früher stattfand</subfield>
</datafield>
<datafield ind1=" " ind2=" " tag="540">
<subfield code="a">Creative Commons - Namensnennung, Nicht kommerz., Keine Bearbeitung 4.0</subfield>
<subfield code="u">http://creativecommons.org/licenses/by-nc-nd/4.0</subfield>
<subfield code="2">cc</subfield>
</datafield>
<datafield ind1="1" ind2=" " tag="583">
<subfield code="a">Archivierung/Langzeitarchivierung gewährleistet</subfield>
<subfield code="5">DE-101</subfield>
<subfield code="2">pdager</subfield>
</datafield>
<datafield ind1=" " ind2="7" tag="648">
<subfield code="a">Geschichte 1964</subfield>
<subfield code="9">rswk-swf</subfield>
<subfield code="2">gnd</subfield>
</datafield>
<datafield ind1=" " ind2="7" tag="650">
<subfield code="8">7\p</subfield>
<subfield code="0">(DE-588)4175047-0</subfield>
<subfield code="0">https://d-nb.info/gnd/4175047-0</subfield>
<subfield code="0">(DE-101)041750470</subfield>
<subfield code="a">Politischer Wandel</subfield>
<subfield code="9">rswk-swf</subfield>
<subfield code="2">gnd</subfield>
</datafield>
<datafield ind1=" " ind2="7" tag="650">
<subfield code="8">9\p</subfield>
<subfield code="0">(DE-588)4077587-2</subfield>
<subfield code="0">https://d-nb.info/gnd/4077587-2</subfield>
<subfield code="0">(DE-101)040775879</subfield>
<subfield code="a">Sozialer Wandel</subfield>
<subfield code="9">rswk-swf</subfield>
<subfield code="2">gnd</subfield>
</datafield>
<datafield ind1=" " ind2="7" tag="651">
<subfield code="8">5\p</subfield>
<subfield code="0">(DE-588)4015701-5</subfield>
<subfield code="0">https://d-nb.info/gnd/4015701-5</subfield>
<subfield code="0">(DE-101)040157016</subfield>
<subfield code="a">Europa</subfield>
<subfield code="9">rswk-swf</subfield>
<subfield code="2">gnd</subfield>
</datafield>
<datafield ind1=" " ind2="0" tag="653">
<subfield code="a">(thesoz)Bundesrepublik Deutschland</subfield>
</datafield>
<datafield ind1=" " ind2="0" tag="653">
<subfield code="a">(thesoz)20. Jahrhundert</subfield>
</datafield>
<datafield ind1=" " ind2="0" tag="653">
<subfield code="a">(thesoz)politischer Wandel</subfield>
</datafield>
<datafield ind1=" " ind2="0" tag="653">
<subfield code="a">(thesoz)sozialer Wandel</subfield>
</datafield>
<datafield ind1=" " ind2="0" tag="653">
<subfield code="a">(thesoz)Studentenbewegung</subfield>
</datafield>
<datafield ind1=" " ind2="0" tag="653">
<subfield code="a">(thesoz)Bürgerrecht</subfield>
</datafield>
<datafield ind1=" " ind2="0" tag="653">
<subfield code="a">(thesoz)politische Bewegung</subfield>
</datafield>
<datafield ind1=" " ind2="0" tag="653">
<subfield code="a">(thesoz)politische Linke</subfield>
</datafield>
<datafield ind1=" " ind2="0" tag="653">
<subfield code="a">(thesoz)soziale Bewegung</subfield>
</datafield>
<datafield ind1=" " ind2="0" tag="653">
<subfield code="a">(thesoz)Zivilgesellschaft</subfield>
</datafield>
<datafield ind1=" " ind2="0" tag="653">
<subfield code="a">(thesoz)Zeitgeschichte</subfield>
</datafield>
<datafield ind1=" " ind2="0" tag="653">
<subfield code="a">(thesoz)Kulturwandel</subfield>
</datafield>
<datafield ind1=" " ind2=" " tag="653">
<subfield code="a">Protest</subfield>
</datafield>
<datafield ind1=" " ind2=" " tag="653">
<subfield code="a">Gesellschaft</subfield>
</datafield>
<datafield ind1=" " ind2=" " tag="653">
<subfield code="a">Modernisierung</subfield>
</datafield>
<datafield ind1=" " ind2=" " tag="653">
<subfield code="a">Bürgerrechte</subfield>
</datafield>
<datafield ind1=" " ind2=" " tag="653">
<subfield code="a">1968</subfield>
</datafield>
<datafield ind1=" " ind2=" " tag="653">
<subfield code="a">1964</subfield>
</datafield>
<datafield ind1=" " ind2=" " tag="653">
<subfield code="a">Politik</subfield>
</datafield>
<datafield ind1=" " ind2=" " tag="653">
<subfield code="a">Deutsche Geschichte</subfield>
</datafield>
<datafield ind1=" " ind2=" " tag="653">
<subfield code="a">Soziale Bewegungen</subfield>
</datafield>
<datafield ind1=" " ind2=" " tag="653">
<subfield code="a">Geschichte des 20. Jahrhunderts</subfield>
</datafield>
<datafield ind1=" " ind2=" " tag="653">
<subfield code="a">Politikwissenschaft</subfield>
</datafield>
<datafield ind1=" " ind2=" " tag="653">
<subfield code="a">Society</subfield>
</datafield>
<datafield ind1=" " ind2=" " tag="653">
<subfield code="a">Politics</subfield>
</datafield>
<datafield ind1=" " ind2=" " tag="653">
<subfield code="a">Civil Society</subfield>
</datafield>
<datafield ind1=" " ind2=" " tag="653">
<subfield code="a">German History</subfield>
</datafield>
<datafield ind1=" " ind2=" " tag="653">
<subfield code="a">Social Movements</subfield>
</datafield>
<datafield ind1=" " ind2=" " tag="653">
<subfield code="a">Contemporary History</subfield>
</datafield>
<datafield ind1=" " ind2=" " tag="653">
<subfield code="a">History of the 20th Century</subfield>
</datafield>
<datafield ind1=" " ind2=" " tag="653">
<subfield code="a">Political Science</subfield>
</datafield>
<datafield ind1=" " ind2=" " tag="653">
<subfield code="a">(BISAC Subject Heading)POL003000</subfield>
</datafield>
<datafield ind1=" " ind2=" " tag="653">
<subfield code="a">(BISAC Subject Heading)HIS037070</subfield>
</datafield>
<datafield ind1=" " ind2=" " tag="653">
<subfield code="a">(BIC subject category)JPWF</subfield>
</datafield>
<datafield ind1=" " ind2=" " tag="653">
<subfield code="a">(BIC subject category)HBLW3</subfield>
</datafield>
<datafield ind1=" " ind2=" " tag="653">
<subfield code="a">(BISAC Subject Heading)HIS014000</subfield>
</datafield>
<datafield ind1=" " ind2=" " tag="653">
<subfield code="a">(BIC subject category)HBJD</subfield>
</datafield>
<datafield ind1=" " ind2="7" tag="655">
<subfield code="8">2\p</subfield>
<subfield code="0">(DE-588)4143413-4</subfield>
<subfield code="0">https://d-nb.info/gnd/4143413-4</subfield>
<subfield code="0">(DE-101)041434137</subfield>
<subfield code="a">Aufsatzsammlung</subfield>
<subfield code="2">gnd-content</subfield>
</datafield>
<datafield ind1="0" ind2="0" tag="689">
<subfield code="8">6\p</subfield>
<subfield code="0">(DE-588)4015701-5</subfield>
<subfield code="0">https://d-nb.info/gnd/4015701-5</subfield>
<subfield code="0">(DE-101)040157016</subfield>
<subfield code="D">g</subfield>
<subfield code="a">Europa</subfield>
</datafield>
<datafield ind1="0" ind2="1" tag="689">
<subfield code="8">8\p</subfield>
<subfield code="0">(DE-588)4175047-0</subfield>
<subfield code="0">https://d-nb.info/gnd/4175047-0</subfield>
<subfield code="0">(DE-101)041750470</subfield>
<subfield code="D">s</subfield>
<subfield code="a">Politischer Wandel</subfield>
</datafield>
<datafield ind1="0" ind2="2" tag="689">
<subfield code="8">10\p</subfield>
<subfield code="0">(DE-588)4077587-2</subfield>
<subfield code="0">https://d-nb.info/gnd/4077587-2</subfield>
<subfield code="0">(DE-101)040775879</subfield>
<subfield code="D">s</subfield>
<subfield code="a">Sozialer Wandel</subfield>
</datafield>
<datafield ind1="0" ind2="3" tag="689">
<subfield code="A">z</subfield>
<subfield code="a">Geschichte 1964</subfield>
</datafield>
<datafield ind1="0" ind2=" " tag="689">
<subfield code="5">DE-101</subfield>
<subfield code="5">DE-101</subfield>
</datafield>
<datafield ind1="1" ind2=" " tag="700">
<subfield code="8">4\p</subfield>
<subfield code="0">(DE-588)121989127</subfield>
<subfield code="0">https://d-nb.info/gnd/121989127</subfield>
<subfield code="0">(DE-101)121989127</subfield>
<subfield code="a">Walter, Franz</subfield>
<subfield code="d">1956-</subfield>
<subfield code="e">Herausgeber</subfield>
<subfield code="4">edt</subfield>
<subfield code="2">gnd</subfield>
</datafield>
<datafield ind1=" " ind2="0" tag="830">
<subfield code="a">Studien des Göttinger Instituts für Demokratieforschung zur Geschichte politischer und gesellschaftlicher Kontroversen</subfield>
<subfield code="v">Bd. 7</subfield>
</datafield>
<datafield ind1=" " ind2=" " tag="850">
<subfield code="a">DE-101a</subfield>
<subfield code="a">DE-101b</subfield>
</datafield>
<datafield ind1="4" ind2="0" tag="856">
<subfield code="u">https://doi.org/10.14361/transcript.9783839425800</subfield>
<subfield code="x">Resolving-System</subfield>
</datafield>
<datafield ind1="4" ind2="0" tag="856">
<subfield code="u">https://nbn-resolving.org/urn:nbn:de:0168-ssoar-69384-1</subfield>
<subfield code="x">Resolving-System</subfield>
</datafield>
<datafield ind1=" " ind2="0" tag="856">
<subfield code="u">https://d-nb.info/1243214147/34</subfield>
<subfield code="x">Langzeitarchivierung Nationalbibliothek</subfield>
</datafield>
<datafield ind1="4" ind2=" " tag="856">
<subfield code="q">application/pdf</subfield>
<subfield code="s">1949988 bytes</subfield>
<subfield code="u">http://www.transcript-verlag.de/978-3-8376-2580-6</subfield>
</datafield>
<datafield ind1="4" ind2=" " tag="856">
<subfield code="q">application/pdf</subfield>
<subfield code="s">1949988 bytes</subfield>
<subfield code="u">https://www.ssoar.info/ssoar/handle/document/69384</subfield>
</datafield>
<datafield ind1="1" ind2=" " tag="883">
<subfield code="8">1\p</subfield>
<subfield code="a">npi</subfield>
<subfield code="d">20211014</subfield>
<subfield code="q">DE-101</subfield>
<subfield code="u">https://d-nb.info/provenance/plan#npi</subfield>
</datafield>
<datafield ind1="2" ind2=" " tag="883">
<subfield code="8">2\p</subfield>
<subfield code="a">dnb-pa</subfield>
<subfield code="d">20211015</subfield>
<subfield code="q">DE-101</subfield>
<subfield code="u">https://d-nb.info/provenance/plan#dnb-pa</subfield>
</datafield>
<datafield ind1="2" ind2=" " tag="883">
<subfield code="8">3\p</subfield>
<subfield code="a">dnb-pa</subfield>
<subfield code="d">20211015</subfield>
<subfield code="q">DE-101</subfield>
<subfield code="u">https://d-nb.info/provenance/plan#dnb-pa</subfield>
</datafield>
<datafield ind1=" " ind2=" " tag="883">
<subfield code="8">4\p</subfield>
<subfield code="a">cgwrk-pa</subfield>
<subfield code="d">20211015</subfield>
<subfield code="q">DE-101</subfield>
<subfield code="u">https://d-nb.info/provenance/plan#cgwrk-pa</subfield>
</datafield>
<datafield ind1="2" ind2=" " tag="883">
<subfield code="8">5\p</subfield>
<subfield code="a">dnb-pa</subfield>
<subfield code="d">20211015</subfield>
<subfield code="q">DE-101</subfield>
<subfield code="u">https://d-nb.info/provenance/plan#dnb-pa</subfield>
</datafield>
<datafield ind1="2" ind2=" " tag="883">
<subfield code="8">6\p</subfield>
<subfield code="a">dnb-pa</subfield>
<subfield code="d">20211015</subfield>
<subfield code="q">DE-101</subfield>
<subfield code="u">https://d-nb.info/provenance/plan#dnb-pa</subfield>
</datafield>
<datafield ind1="2" ind2=" " tag="883">
<subfield code="8">7\p</subfield>
<subfield code="a">dnb-pa</subfield>
<subfield code="d">20211015</subfield>
<subfield code="q">DE-101</subfield>
<subfield code="u">https://d-nb.info/provenance/plan#dnb-pa</subfield>
</datafield>
<datafield ind1="2" ind2=" " tag="883">
<subfield code="8">8\p</subfield>
<subfield code="a">dnb-pa</subfield>
<subfield code="d">20211015</subfield>
<subfield code="q">DE-101</subfield>
<subfield code="u">https://d-nb.info/provenance/plan#dnb-pa</subfield>
</datafield>
<datafield ind1="2" ind2=" " tag="883">
<subfield code="8">9\p</subfield>
<subfield code="a">dnb-pa</subfield>
<subfield code="d">20211015</subfield>
<subfield code="q">DE-101</subfield>
<subfield code="u">https://d-nb.info/provenance/plan#dnb-pa</subfield>
</datafield>
<datafield ind1="2" ind2=" " tag="883">
<subfield code="8">10\p</subfield>
<subfield code="a">dnb-pa</subfield>
<subfield code="d">20211015</subfield>
<subfield code="q">DE-101</subfield>
<subfield code="u">https://d-nb.info/provenance/plan#dnb-pa</subfield>
</datafield>
<datafield ind1="2" ind2=" " tag="883">
<subfield code="8">12\p</subfield>
<subfield code="a">dnb-pa</subfield>
<subfield code="d">20211015</subfield>
<subfield code="q">DE-101</subfield>
<subfield code="u">https://d-nb.info/provenance/plan#dnb-pa</subfield>
</datafield>
<datafield ind1="0" ind2=" " tag="883">
<subfield code="8">13\p</subfield>
<subfield code="a">aepkn</subfield>
<subfield code="c">0,75039</subfield>
<subfield code="d">20211015</subfield>
<subfield code="q">DE-101</subfield>
<subfield code="u">https://d-nb.info/provenance/plan#aepkn</subfield>
</datafield>
<datafield ind1="2" ind2=" " tag="883">
<subfield code="8">14\p</subfield>
<subfield code="a">dnb-pa</subfield>
<subfield code="d">20211015</subfield>
<subfield code="q">DE-101</subfield>
<subfield code="u">https://d-nb.info/provenance/plan#dnb-pa</subfield>
</datafield>
<datafield ind1="r" ind2=" " tag="925">
<subfield code="a">ro</subfield>
<subfield code="a">rb</subfield>
</datafield>
<datafield ind1=" " ind2=" " tag="927">
<subfield code="a">59572244</subfield>
</datafield>
</record>