<record type="Bibliographic" xmlns="http://www.loc.gov/MARC21/slim">
<leader>00000nam a2200000uc 4500</leader>
<controlfield tag="001">1191660850</controlfield>
<controlfield tag="003">DE-101</controlfield>
<controlfield tag="005">20251023133034.0</controlfield>
<controlfield tag="007">cr||||||||||||</controlfield>
<controlfield tag="008">190728s2013    gw |||||o|||| 00||||ger  </controlfield>
<datafield ind1=" " ind2=" " tag="015">
<subfield code="a">19,O08</subfield>
<subfield code="2">dnb</subfield>
</datafield>
<datafield ind1="7" ind2=" " tag="016">
<subfield code="2">DE-101</subfield>
<subfield code="a">1191660850</subfield>
</datafield>
<datafield ind1="7" ind2=" " tag="024">
<subfield code="2">urn</subfield>
<subfield code="a">urn:nbn:de:0168-ssoar-361655</subfield>
</datafield>
<datafield ind1="8" ind2=" " tag="024">
<subfield code="a">oai:gesis.izsoz.de:document/36165</subfield>
</datafield>
<datafield ind1=" " ind2=" " tag="035">
<subfield code="a">(DE-599)DNB1191660850</subfield>
</datafield>
<datafield ind1=" " ind2=" " tag="040">
<subfield code="a">1240</subfield>
<subfield code="b">ger</subfield>
<subfield code="c">DE-101</subfield>
<subfield code="d">1150</subfield>
</datafield>
<datafield ind1=" " ind2=" " tag="041">
<subfield code="a">ger</subfield>
</datafield>
<datafield ind1=" " ind2=" " tag="044">
<subfield code="c">XA-DE-BW</subfield>
</datafield>
<datafield ind1="7" ind2="4" tag="082">
<subfield code="8">9\p</subfield>
<subfield code="a">320</subfield>
<subfield code="a">300</subfield>
<subfield code="a">070</subfield>
<subfield code="q">DE-101</subfield>
<subfield code="2">23sdnb</subfield>
</datafield>
<datafield ind1=" " ind2=" " tag="084">
<subfield code="a">320</subfield>
<subfield code="a">070</subfield>
<subfield code="2">sdnb</subfield>
</datafield>
<datafield ind1="1" ind2=" " tag="100">
<subfield code="8">1\p</subfield>
<subfield code="0">(DE-588)142775428</subfield>
<subfield code="0">https://d-nb.info/gnd/142775428</subfield>
<subfield code="0">(DE-101)142775428</subfield>
<subfield code="a">Kitzberger, Philip</subfield>
<subfield code="e">Verfasser</subfield>
<subfield code="4">aut</subfield>
<subfield code="2">gnd</subfield>
</datafield>
<datafield ind1="1" ind2="0" tag="245">
<subfield code="a">Medien in Lateinamerika: Zeit für Reformen</subfield>
</datafield>
<datafield ind1=" " ind2="1" tag="264">
<subfield code="a">Hamburg</subfield>
<subfield code="c">2013</subfield>
</datafield>
<datafield ind1=" " ind2=" " tag="300">
<subfield code="a">Online-Ressource, 8 S.</subfield>
</datafield>
<datafield ind1=" " ind2=" " tag="336">
<subfield code="a">Text</subfield>
<subfield code="b">txt</subfield>
<subfield code="2">rdacontent</subfield>
</datafield>
<datafield ind1=" " ind2=" " tag="337">
<subfield code="a">Computermedien</subfield>
<subfield code="b">c</subfield>
<subfield code="2">rdamedia</subfield>
</datafield>
<datafield ind1=" " ind2=" " tag="338">
<subfield code="a">Online-Ressource</subfield>
<subfield code="b">cr</subfield>
<subfield code="2">rdacarrier</subfield>
</datafield>
<datafield ind1="1" ind2=" " tag="490">
<subfield code="a">GIGA Focus Lateinamerika</subfield>
<subfield code="v">Bd. 6</subfield>
</datafield>
<datafield ind1=" " ind2=" " tag="500">
<subfield code="a">Veröffentlichungsversion</subfield>
</datafield>
<datafield ind1=" " ind2=" " tag="500">
<subfield code="a">nicht begutachtet</subfield>
</datafield>
<datafield ind1="0" ind2=" " tag="506">
<subfield code="a">Open Access</subfield>
<subfield code="f">Unrestricted online access</subfield>
<subfield code="u">http://purl.org/coar/access_right/c_abf2</subfield>
<subfield code="2">star</subfield>
</datafield>
<datafield ind1="0" ind2=" " tag="506">
<subfield code="a">Open Access</subfield>
<subfield code="f">Unrestricted online access</subfield>
<subfield code="u">http://purl.org/coar/access_right/c_abf2</subfield>
<subfield code="2">star</subfield>
</datafield>
<datafield ind1=" " ind2=" " tag="520">
<subfield code="a">Abstract: In ganz Lateinamerika steht derzeit die Rolle der Medien in der Demokratie zur Debatte. Während die Studentenbewegung in Mexiko 2012 eine grundlegende Demokratisierung der Medien forderte, verändern im südlichen Lateinamerika mehrere linke und populistische Regierungen die rechtlichen Rahmenbedingungen für den Mediensektor. Während sich die politischen Systeme Lateinamerikas seit den 1980er Jahren demokratisierten, nahm die Konzentration von Besitz und Macht im Mediensektor eher noch zu. Dieser Widerspruch schafft Spannungen, die sowohl gesellschaftliche Reformforderungen als auch staatliche Initiativen zur Neugestaltung des Rechtsrahmens für die Medien zur Folge haben. Traditionelle Eliten und neue Großkonzerne prägen bis heute die lateinamerikanische Medienlandschaft. Reforminitiativen aus der Zivilgesellschaft und von einer Reihe von Regierungen weisen auf die zentrale Rolle der Medien für den politischen Willensbildungsprozess hin und fordern ihre Anpassung an die Erfordernisse</subfield>
</datafield>
<datafield ind1=" " ind2=" " tag="540">
<subfield code="a">Creative Commons - Namensnennung, Nicht kommerz., Keine Bearbeitung</subfield>
<subfield code="u">http://creativecommons.org/licenses/by-nc-nd/4.0</subfield>
<subfield code="2">cc</subfield>
</datafield>
<datafield ind1="1" ind2=" " tag="583">
<subfield code="a">Archivierung/Langzeitarchivierung gewährleistet</subfield>
<subfield code="5">DE-101</subfield>
<subfield code="2">pdager</subfield>
</datafield>
<datafield ind1=" " ind2="7" tag="650">
<subfield code="0">(DE-588)4074660-4</subfield>
<subfield code="0">https://d-nb.info/gnd/4074660-4</subfield>
<subfield code="0">(DE-101)040746607</subfield>
<subfield code="a">Medienpolitik</subfield>
<subfield code="9">rswk-swf</subfield>
<subfield code="2">gnd</subfield>
</datafield>
<datafield ind1=" " ind2="7" tag="650">
<subfield code="0">(DE-588)4115716-3</subfield>
<subfield code="0">https://d-nb.info/gnd/4115716-3</subfield>
<subfield code="0">(DE-101)041157168</subfield>
<subfield code="a">Reform</subfield>
<subfield code="9">rswk-swf</subfield>
<subfield code="2">gnd</subfield>
</datafield>
<datafield ind1=" " ind2="7" tag="650">
<subfield code="0">(DE-588)4124941-0</subfield>
<subfield code="0">https://d-nb.info/gnd/4124941-0</subfield>
<subfield code="0">(DE-101)041249410</subfield>
<subfield code="a">Demokratisierung</subfield>
<subfield code="9">rswk-swf</subfield>
<subfield code="2">gnd</subfield>
</datafield>
<datafield ind1=" " ind2="7" tag="650">
<subfield code="0">(DE-588)4038463-9</subfield>
<subfield code="0">https://d-nb.info/gnd/4038463-9</subfield>
<subfield code="0">(DE-101)040384632</subfield>
<subfield code="a">Meinungsfreiheit</subfield>
<subfield code="9">rswk-swf</subfield>
<subfield code="2">gnd</subfield>
</datafield>
<datafield ind1=" " ind2="7" tag="650">
<subfield code="8">3\p</subfield>
<subfield code="0">(DE-588)4266257-6</subfield>
<subfield code="0">https://d-nb.info/gnd/4266257-6</subfield>
<subfield code="0">(DE-101)042662575</subfield>
<subfield code="a">Lateinamerikaner</subfield>
<subfield code="2">gnd</subfield>
</datafield>
<datafield ind1=" " ind2="7" tag="650">
<subfield code="8">4\p</subfield>
<subfield code="0">(DE-588)4074660-4</subfield>
<subfield code="0">https://d-nb.info/gnd/4074660-4</subfield>
<subfield code="0">(DE-101)040746607</subfield>
<subfield code="a">Medienpolitik</subfield>
<subfield code="2">gnd</subfield>
</datafield>
<datafield ind1=" " ind2="7" tag="650">
<subfield code="8">5\p</subfield>
<subfield code="0">(DE-588)4169187-8</subfield>
<subfield code="0">https://d-nb.info/gnd/4169187-8</subfield>
<subfield code="0">(DE-101)041691873</subfield>
<subfield code="a">Medien</subfield>
<subfield code="2">gnd</subfield>
</datafield>
<datafield ind1=" " ind2="7" tag="650">
<subfield code="8">6\p</subfield>
<subfield code="0">(DE-588)4342489-2</subfield>
<subfield code="0">https://d-nb.info/gnd/4342489-2</subfield>
<subfield code="0">(DE-101)941404250</subfield>
<subfield code="a">Große Reformen</subfield>
<subfield code="2">gnd</subfield>
</datafield>
<datafield ind1=" " ind2="7" tag="650">
<subfield code="8">7\p</subfield>
<subfield code="0">(DE-588)4115716-3</subfield>
<subfield code="0">https://d-nb.info/gnd/4115716-3</subfield>
<subfield code="0">(DE-101)041157168</subfield>
<subfield code="a">Reform</subfield>
<subfield code="2">gnd</subfield>
</datafield>
<datafield ind1=" " ind2="7" tag="650">
<subfield code="8">8\p</subfield>
<subfield code="0">(DE-588)4114543-4</subfield>
<subfield code="0">https://d-nb.info/gnd/4114543-4</subfield>
<subfield code="0">(DE-101)041145437</subfield>
<subfield code="a">Medienfreiheit</subfield>
<subfield code="2">gnd</subfield>
</datafield>
<datafield ind1=" " ind2="7" tag="651">
<subfield code="0">(DE-588)4074032-8</subfield>
<subfield code="0">https://d-nb.info/gnd/4074032-8</subfield>
<subfield code="0">(DE-101)040740323</subfield>
<subfield code="a">Lateinamerika</subfield>
<subfield code="9">rswk-swf</subfield>
<subfield code="2">gnd</subfield>
</datafield>
<datafield ind1=" " ind2="7" tag="651">
<subfield code="8">2\p</subfield>
<subfield code="0">(DE-588)4074032-8</subfield>
<subfield code="0">https://d-nb.info/gnd/4074032-8</subfield>
<subfield code="0">(DE-101)040740323</subfield>
<subfield code="a">Lateinamerika</subfield>
<subfield code="2">gnd</subfield>
</datafield>
<datafield ind1=" " ind2="0" tag="653">
<subfield code="a">(thesoz)Meinungsfreiheit</subfield>
</datafield>
<datafield ind1=" " ind2="0" tag="653">
<subfield code="a">(thesoz)politische Macht</subfield>
</datafield>
<datafield ind1=" " ind2="0" tag="653">
<subfield code="a">(thesoz)Berichterstattung</subfield>
</datafield>
<datafield ind1=" " ind2="0" tag="653">
<subfield code="a">(thesoz)Meinungsbildung</subfield>
</datafield>
<datafield ind1=" " ind2="0" tag="653">
<subfield code="a">(thesoz)Medien</subfield>
</datafield>
<datafield ind1=" " ind2="0" tag="653">
<subfield code="a">(thesoz)Massenmedien</subfield>
</datafield>
<datafield ind1=" " ind2="0" tag="653">
<subfield code="a">(thesoz)Kommerzialisierung</subfield>
</datafield>
<datafield ind1=" " ind2="0" tag="653">
<subfield code="a">(thesoz)Informationsfreiheit</subfield>
</datafield>
<datafield ind1=" " ind2="0" tag="653">
<subfield code="a">(thesoz)Demokratisierung</subfield>
</datafield>
<datafield ind1=" " ind2="0" tag="653">
<subfield code="a">(thesoz)Medienkonzentration</subfield>
</datafield>
<datafield ind1=" " ind2="0" tag="653">
<subfield code="a">(thesoz)Medienrecht</subfield>
</datafield>
<datafield ind1=" " ind2="0" tag="653">
<subfield code="a">(thesoz)Lateinamerika</subfield>
</datafield>
<datafield ind1="0" ind2="0" tag="689">
<subfield code="0">(DE-588)4074032-8</subfield>
<subfield code="0">https://d-nb.info/gnd/4074032-8</subfield>
<subfield code="0">(DE-101)040740323</subfield>
<subfield code="D">g</subfield>
<subfield code="a">Lateinamerika</subfield>
</datafield>
<datafield ind1="0" ind2="1" tag="689">
<subfield code="0">(DE-588)4074660-4</subfield>
<subfield code="0">https://d-nb.info/gnd/4074660-4</subfield>
<subfield code="0">(DE-101)040746607</subfield>
<subfield code="D">s</subfield>
<subfield code="a">Medienpolitik</subfield>
</datafield>
<datafield ind1="0" ind2="2" tag="689">
<subfield code="0">(DE-588)4115716-3</subfield>
<subfield code="0">https://d-nb.info/gnd/4115716-3</subfield>
<subfield code="0">(DE-101)041157168</subfield>
<subfield code="D">s</subfield>
<subfield code="a">Reform</subfield>
</datafield>
<datafield ind1="0" ind2="3" tag="689">
<subfield code="0">(DE-588)4124941-0</subfield>
<subfield code="0">https://d-nb.info/gnd/4124941-0</subfield>
<subfield code="0">(DE-101)041249410</subfield>
<subfield code="D">s</subfield>
<subfield code="a">Demokratisierung</subfield>
</datafield>
<datafield ind1="0" ind2="4" tag="689">
<subfield code="0">(DE-588)4038463-9</subfield>
<subfield code="0">https://d-nb.info/gnd/4038463-9</subfield>
<subfield code="0">(DE-101)040384632</subfield>
<subfield code="D">s</subfield>
<subfield code="a">Meinungsfreiheit</subfield>
</datafield>
<datafield ind1="0" ind2=" " tag="689">
<subfield code="5">DE-101</subfield>
<subfield code="5">DE-101</subfield>
</datafield>
<datafield ind1="2" ind2=" " tag="710">
<subfield code="a">GIGA German Institute of Global and Area Studies - Leibniz-Institut für Globale und Regionale Studien, Institut für Lateinamerika-Studien</subfield>
<subfield code="e">Herausgeber</subfield>
<subfield code="4">edt</subfield>
</datafield>
<datafield ind1=" " ind2="0" tag="830">
<subfield code="a">GIGA Focus Lateinamerika</subfield>
<subfield code="v">Bd. 6</subfield>
</datafield>
<datafield ind1=" " ind2=" " tag="850">
<subfield code="a">DE-101a</subfield>
<subfield code="a">DE-101b</subfield>
</datafield>
<datafield ind1="4" ind2="0" tag="856">
<subfield code="u">https://nbn-resolving.org/urn:nbn:de:0168-ssoar-361655</subfield>
<subfield code="x">Resolving-System</subfield>
</datafield>
<datafield ind1=" " ind2="0" tag="856">
<subfield code="u">https://d-nb.info/1191660850/34</subfield>
<subfield code="x">Langzeitarchivierung Nationalbibliothek</subfield>
</datafield>
<datafield ind1="4" ind2=" " tag="856">
<subfield code="q">application/pdf</subfield>
<subfield code="s"> bytes</subfield>
<subfield code="u">http://www.ssoar.info/ssoar/handle/document/36165</subfield>
</datafield>
<datafield ind1=" " ind2=" " tag="883">
<subfield code="8">1\p</subfield>
<subfield code="a">cgwrk</subfield>
<subfield code="d">20210314</subfield>
<subfield code="q">DE-101</subfield>
<subfield code="u">https://d-nb.info/provenance/plan#cgwrk</subfield>
</datafield>
<datafield ind1="0" ind2=" " tag="883">
<subfield code="8">2\p</subfield>
<subfield code="a">ki08</subfield>
<subfield code="c">0,40460</subfield>
<subfield code="d">20250825</subfield>
<subfield code="q">DE-101</subfield>
<subfield code="u">https://d-nb.info/provenance/plan#ki08</subfield>
</datafield>
<datafield ind1="0" ind2=" " tag="883">
<subfield code="8">3\p</subfield>
<subfield code="a">ki08</subfield>
<subfield code="c">0,06172</subfield>
<subfield code="d">20250825</subfield>
<subfield code="q">DE-101</subfield>
<subfield code="u">https://d-nb.info/provenance/plan#ki08</subfield>
</datafield>
<datafield ind1="0" ind2=" " tag="883">
<subfield code="8">4\p</subfield>
<subfield code="a">ki08</subfield>
<subfield code="c">0,05848</subfield>
<subfield code="d">20250825</subfield>
<subfield code="q">DE-101</subfield>
<subfield code="u">https://d-nb.info/provenance/plan#ki08</subfield>
</datafield>
<datafield ind1="0" ind2=" " tag="883">
<subfield code="8">5\p</subfield>
<subfield code="a">ki08</subfield>
<subfield code="c">0,04939</subfield>
<subfield code="d">20250825</subfield>
<subfield code="q">DE-101</subfield>
<subfield code="u">https://d-nb.info/provenance/plan#ki08</subfield>
</datafield>
<datafield ind1="0" ind2=" " tag="883">
<subfield code="8">6\p</subfield>
<subfield code="a">ki08</subfield>
<subfield code="c">0,03372</subfield>
<subfield code="d">20250825</subfield>
<subfield code="q">DE-101</subfield>
<subfield code="u">https://d-nb.info/provenance/plan#ki08</subfield>
</datafield>
<datafield ind1="0" ind2=" " tag="883">
<subfield code="8">7\p</subfield>
<subfield code="a">ki08</subfield>
<subfield code="c">0,02855</subfield>
<subfield code="d">20250825</subfield>
<subfield code="q">DE-101</subfield>
<subfield code="u">https://d-nb.info/provenance/plan#ki08</subfield>
</datafield>
<datafield ind1="0" ind2=" " tag="883">
<subfield code="8">8\p</subfield>
<subfield code="a">ki08</subfield>
<subfield code="c">0,00435</subfield>
<subfield code="d">20250825</subfield>
<subfield code="q">DE-101</subfield>
<subfield code="u">https://d-nb.info/provenance/plan#ki08</subfield>
</datafield>
<datafield ind1="2" ind2=" " tag="883">
<subfield code="8">9\p</subfield>
<subfield code="a">dnb</subfield>
<subfield code="d">20251023</subfield>
<subfield code="q">DE-101</subfield>
<subfield code="u">https://d-nb.info/provenance/plan#dnb</subfield>
</datafield>
<datafield ind1="r" ind2=" " tag="925">
<subfield code="a">ro</subfield>
<subfield code="a">rb</subfield>
</datafield>
<datafield ind1=" " ind2=" " tag="927">
<subfield code="a">59572244</subfield>
</datafield>
</record>