<record type="Bibliographic" xmlns="http://www.loc.gov/MARC21/slim">
<leader>00000nam a2200000uc 4500</leader>
<controlfield tag="001">1190679647</controlfield>
<controlfield tag="003">DE-101</controlfield>
<controlfield tag="005">20250811082949.0</controlfield>
<controlfield tag="007">cr||||||||||||</controlfield>
<controlfield tag="008">190716s2013    gw |||||o|||| 00||||ger  </controlfield>
<datafield ind1=" " ind2=" " tag="015">
<subfield code="a">19,O08</subfield>
<subfield code="2">dnb</subfield>
</datafield>
<datafield ind1="7" ind2=" " tag="016">
<subfield code="2">DE-101</subfield>
<subfield code="a">1190679647</subfield>
</datafield>
<datafield ind1=" " ind2=" " tag="020">
<subfield code="a">9783896919878</subfield>
<subfield code="9">978-3-89691-987-8</subfield>
</datafield>
<datafield ind1="7" ind2=" " tag="024">
<subfield code="2">urn</subfield>
<subfield code="a">urn:nbn:de:0168-ssoar-458824</subfield>
</datafield>
<datafield ind1="8" ind2=" " tag="024">
<subfield code="a">oai:gesis.izsoz.de:document/45882</subfield>
</datafield>
<datafield ind1=" " ind2=" " tag="035">
<subfield code="a">(DE-599)DNB1190679647</subfield>
</datafield>
<datafield ind1=" " ind2=" " tag="040">
<subfield code="a">1240</subfield>
<subfield code="b">ger</subfield>
<subfield code="c">DE-101</subfield>
<subfield code="d">9999</subfield>
</datafield>
<datafield ind1=" " ind2=" " tag="041">
<subfield code="a">ger</subfield>
</datafield>
<datafield ind1=" " ind2=" " tag="044">
<subfield code="c">XA-DE-BW</subfield>
</datafield>
<datafield ind1="7" ind2="4" tag="082">
<subfield code="8">7\p</subfield>
<subfield code="a">303.3</subfield>
<subfield code="q">DE-101</subfield>
<subfield code="2">23kdnb</subfield>
</datafield>
<datafield ind1="7" ind2=" " tag="083">
<subfield code="8">8\p</subfield>
<subfield code="a">300</subfield>
<subfield code="q">DE-101</subfield>
<subfield code="2">23sdnb</subfield>
</datafield>
<datafield ind1=" " ind2=" " tag="084">
<subfield code="a">320</subfield>
<subfield code="a">360</subfield>
<subfield code="2">sdnb</subfield>
</datafield>
<datafield ind1="1" ind2=" " tag="100">
<subfield code="a">Cremer-Schäfer, Helga</subfield>
<subfield code="e">Verfasser</subfield>
<subfield code="4">aut</subfield>
</datafield>
<datafield ind1="1" ind2="0" tag="245">
<subfield code="a">Wer definiert, wie die Geschichte von repressiver Integration und moralisch legitimierter Ausschließung (wo und wann auch immer) zu erinnern und zu verantworten ist? Ein Beitrag zum Sinn der entrüsteten Skandalisierung des Grundkurs Sozial Arbeit von Timm Kunstreich und der Ev. Hochschule des Rauhen Hauses</subfield>
</datafield>
<datafield ind1=" " ind2="1" tag="264">
<subfield code="a">Mannheim</subfield>
<subfield code="c">2013</subfield>
</datafield>
<datafield ind1=" " ind2=" " tag="300">
<subfield code="a">Online-Ressource</subfield>
</datafield>
<datafield ind1=" " ind2=" " tag="336">
<subfield code="a">Text</subfield>
<subfield code="b">txt</subfield>
<subfield code="2">rdacontent</subfield>
</datafield>
<datafield ind1=" " ind2=" " tag="337">
<subfield code="a">Computermedien</subfield>
<subfield code="b">c</subfield>
<subfield code="2">rdamedia</subfield>
</datafield>
<datafield ind1=" " ind2=" " tag="338">
<subfield code="a">Online-Ressource</subfield>
<subfield code="b">cr</subfield>
<subfield code="2">rdacarrier</subfield>
</datafield>
<datafield ind1=" " ind2=" " tag="500">
<subfield code="a">Veröffentlichungsversion</subfield>
</datafield>
<datafield ind1=" " ind2=" " tag="500">
<subfield code="a">begutachtet</subfield>
</datafield>
<datafield ind1=" " ind2=" " tag="500">
<subfield code="a">In: Widersprüche : Zeitschrift für sozialistische Politik im Bildungs-, Gesundheits- und Sozialbereich ; 33 (2013) 127 ; 83-97</subfield>
</datafield>
<datafield ind1=" " ind2=" " tag="506">
<subfield code="a">Open Access unbekannt</subfield>
<subfield code="f">Restrictions unspecified</subfield>
<subfield code="2">star</subfield>
</datafield>
<datafield ind1="0" ind2=" " tag="506">
<subfield code="a">Open Access</subfield>
<subfield code="f">Unrestricted online access</subfield>
<subfield code="u">http://purl.org/coar/access_right/c_abf2</subfield>
<subfield code="2">star</subfield>
</datafield>
<datafield ind1=" " ind2=" " tag="520">
<subfield code="a">Abstract: Nach meiner zurückblickenden Beobachtung folgte der Konflikt um den Grundkurs Soziale Arbeit, genauer dessen Band II, an dem wiederum das inzwischen sogenannte "Mannschatzkapitel" interessierte, von Beginn an einem Muster, das mir nur allzu gut aus der "Sympathisanten-Debatte" und dem "Deutschen Herbst" in Erinnerung geblieben ist. Skandalisiert und Ende der 1970er mindestens symbolisch ausgebürgert wurden "Sympathisanten" des linken Terrorismus. Als "Sympathisanten" wurden vornehmlich prominente und politisch eingreifende Intellektuelle ausgesucht - aber auch die Jugend- und Studentenbewegung der 1960er Jahre (heute gelegentlich als "Alt-68er" diskreditiert) konnte in das Sympathisanten-Feld gebracht werden. Den Band II des Grundkurs Soziale Arbeit hat Timm Kunstreich 1998 veröffentlicht. Vierzehn Jahre nach der Veröffentlichung und Ingebrauchnahme in der Lehre, spätestens mit dem offenen Brief des sächsischen Landesbeauftragten für die Stasi-Unterlagen an das Kuratorium und den R</subfield>
</datafield>
<datafield ind1=" " ind2=" " tag="540">
<subfield code="a">Deposit Licence - Keine Weiterverbreitung, keine Bearbeitung</subfield>
<subfield code="u">https://www.gesis.org/en/ssoar/home/information/grant-of-licences</subfield>
</datafield>
<datafield ind1="1" ind2=" " tag="583">
<subfield code="a">Archivierung/Langzeitarchivierung gewährleistet</subfield>
<subfield code="5">DE-101</subfield>
<subfield code="2">pdager</subfield>
</datafield>
<datafield ind1=" " ind2="7" tag="650">
<subfield code="8">2\p</subfield>
<subfield code="0">(DE-588)4059534-1</subfield>
<subfield code="0">https://d-nb.info/gnd/4059534-1</subfield>
<subfield code="0">(DE-101)04059534X</subfield>
<subfield code="a">Terrorismus</subfield>
<subfield code="2">gnd</subfield>
</datafield>
<datafield ind1=" " ind2="7" tag="650">
<subfield code="8">3\p</subfield>
<subfield code="0">(DE-588)4158386-3</subfield>
<subfield code="0">https://d-nb.info/gnd/4158386-3</subfield>
<subfield code="0">(DE-101)041583868</subfield>
<subfield code="a">Grundkurs</subfield>
<subfield code="2">gnd</subfield>
</datafield>
<datafield ind1=" " ind2="7" tag="650">
<subfield code="8">4\p</subfield>
<subfield code="0">(DE-588)4157835-1</subfield>
<subfield code="0">https://d-nb.info/gnd/4157835-1</subfield>
<subfield code="0">(DE-101)04157835X</subfield>
<subfield code="a">Protest</subfield>
<subfield code="2">gnd</subfield>
</datafield>
<datafield ind1=" " ind2="7" tag="650">
<subfield code="8">5\p</subfield>
<subfield code="0">(DE-588)4055676-1</subfield>
<subfield code="0">https://d-nb.info/gnd/4055676-1</subfield>
<subfield code="0">(DE-101)04055676X</subfield>
<subfield code="a">Sozialarbeit</subfield>
<subfield code="2">gnd</subfield>
</datafield>
<datafield ind1=" " ind2="7" tag="650">
<subfield code="8">6\p</subfield>
<subfield code="0">(DE-588)4143501-1</subfield>
<subfield code="0">https://d-nb.info/gnd/4143501-1</subfield>
<subfield code="0">(DE-101)04143501X</subfield>
<subfield code="a">Ausbürgerung</subfield>
<subfield code="2">gnd</subfield>
</datafield>
<datafield ind1=" " ind2="0" tag="653">
<subfield code="a">(thesoz)Bundesrepublik Deutschland</subfield>
</datafield>
<datafield ind1=" " ind2="0" tag="653">
<subfield code="a">(thesoz)20. Jahrhundert</subfield>
</datafield>
<datafield ind1=" " ind2="0" tag="653">
<subfield code="a">(thesoz)DDR-Forschung</subfield>
</datafield>
<datafield ind1=" " ind2="0" tag="653">
<subfield code="a">(thesoz)Sozialarbeit</subfield>
</datafield>
<datafield ind1=" " ind2="0" tag="653">
<subfield code="a">(thesoz)symbolische Politik</subfield>
</datafield>
<datafield ind1=" " ind2="0" tag="653">
<subfield code="a">(thesoz)Skandal</subfield>
</datafield>
<datafield ind1=" " ind2="0" tag="653">
<subfield code="a">(thesoz)Linksradikalismus</subfield>
</datafield>
<datafield ind1=" " ind2="0" tag="653">
<subfield code="a">(thesoz)Lehrbuch</subfield>
</datafield>
<datafield ind1=" " ind2="0" tag="653">
<subfield code="a">(thesoz)Kampagne</subfield>
</datafield>
<datafield ind1=" " ind2="0" tag="653">
<subfield code="a">(thesoz)Konfliktverhalten</subfield>
</datafield>
<datafield ind1=" " ind2="0" tag="653">
<subfield code="a">(thesoz)Jugendhilfe</subfield>
</datafield>
<datafield ind1=" " ind2="0" tag="653">
<subfield code="a">(thesoz)Vergleich</subfield>
</datafield>
<datafield ind1=" " ind2="7" tag="655">
<subfield code="8">1\p</subfield>
<subfield code="0">(DE-588)4143413-4</subfield>
<subfield code="0">https://d-nb.info/gnd/4143413-4</subfield>
<subfield code="0">(DE-101)041434137</subfield>
<subfield code="a">Aufsatzsammlung</subfield>
<subfield code="2">gnd-content</subfield>
</datafield>
<datafield ind1=" " ind2=" " tag="850">
<subfield code="a">DE-101a</subfield>
<subfield code="a">DE-101b</subfield>
</datafield>
<datafield ind1="4" ind2="0" tag="856">
<subfield code="u">https://nbn-resolving.org/urn:nbn:de:0168-ssoar-458824</subfield>
<subfield code="x">Resolving-System</subfield>
</datafield>
<datafield ind1=" " ind2="0" tag="856">
<subfield code="u">https://d-nb.info/1190679647/34</subfield>
<subfield code="x">Langzeitarchivierung Nationalbibliothek</subfield>
</datafield>
<datafield ind1="4" ind2=" " tag="856">
<subfield code="q">application/pdf</subfield>
<subfield code="s"> bytes</subfield>
<subfield code="u">http://www.ssoar.info/ssoar/handle/document/45882</subfield>
</datafield>
<datafield ind1=" " ind2=" " tag="883">
<subfield code="8">1\p</subfield>
<subfield code="a">cgwrk</subfield>
<subfield code="d">20250811</subfield>
<subfield code="q">DE-101</subfield>
<subfield code="u">https://d-nb.info/provenance/plan#cgwrk</subfield>
</datafield>
<datafield ind1="0" ind2=" " tag="883">
<subfield code="8">2\p</subfield>
<subfield code="a">aepgnd</subfield>
<subfield code="c">0,06689</subfield>
<subfield code="d">20190717</subfield>
<subfield code="q">DE-101</subfield>
<subfield code="u">https://d-nb.info/provenance/plan#aepgnd</subfield>
</datafield>
<datafield ind1="0" ind2=" " tag="883">
<subfield code="8">3\p</subfield>
<subfield code="a">aepgnd</subfield>
<subfield code="c">0,04747</subfield>
<subfield code="d">20190717</subfield>
<subfield code="q">DE-101</subfield>
<subfield code="u">https://d-nb.info/provenance/plan#aepgnd</subfield>
</datafield>
<datafield ind1="0" ind2=" " tag="883">
<subfield code="8">4\p</subfield>
<subfield code="a">aepgnd</subfield>
<subfield code="c">0,03484</subfield>
<subfield code="d">20190717</subfield>
<subfield code="q">DE-101</subfield>
<subfield code="u">https://d-nb.info/provenance/plan#aepgnd</subfield>
</datafield>
<datafield ind1="0" ind2=" " tag="883">
<subfield code="8">5\p</subfield>
<subfield code="a">aepgnd</subfield>
<subfield code="c">0,02928</subfield>
<subfield code="d">20190717</subfield>
<subfield code="q">DE-101</subfield>
<subfield code="u">https://d-nb.info/provenance/plan#aepgnd</subfield>
</datafield>
<datafield ind1="0" ind2=" " tag="883">
<subfield code="8">6\p</subfield>
<subfield code="a">aepgnd</subfield>
<subfield code="c">0,02402</subfield>
<subfield code="d">20190717</subfield>
<subfield code="q">DE-101</subfield>
<subfield code="u">https://d-nb.info/provenance/plan#aepgnd</subfield>
</datafield>
<datafield ind1="0" ind2=" " tag="883">
<subfield code="8">7\p</subfield>
<subfield code="a">aepkn</subfield>
<subfield code="c">0,89752</subfield>
<subfield code="d">20190717</subfield>
<subfield code="q">DE-101</subfield>
<subfield code="u">https://d-nb.info/provenance/plan#aepkn</subfield>
</datafield>
<datafield ind1="0" ind2=" " tag="883">
<subfield code="8">8\p</subfield>
<subfield code="a">aepsg</subfield>
<subfield code="c">0,99396</subfield>
<subfield code="d">20190717</subfield>
<subfield code="q">DE-101</subfield>
<subfield code="u">https://d-nb.info/provenance/plan#aepsg</subfield>
</datafield>
<datafield ind1="r" ind2=" " tag="925">
<subfield code="a">ro</subfield>
<subfield code="a">rb</subfield>
</datafield>
<datafield ind1=" " ind2=" " tag="927">
<subfield code="a">59572244</subfield>
</datafield>
</record>