<record type="Bibliographic" xmlns="http://www.loc.gov/MARC21/slim">
<leader>00000nam a2200000uc 4500</leader>
<controlfield tag="001">1253838585</controlfield>
<controlfield tag="003">DE-101</controlfield>
<controlfield tag="005">20220322014334.0</controlfield>
<controlfield tag="007">cr||||||||||||</controlfield>
<controlfield tag="008">220321s2012    gw |||||o|||| 00||||ger  </controlfield>
<datafield ind1=" " ind2=" " tag="015">
<subfield code="a">22,O04</subfield>
<subfield code="2">dnb</subfield>
</datafield>
<datafield ind1="7" ind2=" " tag="016">
<subfield code="2">DE-101</subfield>
<subfield code="a">1253838585</subfield>
</datafield>
<datafield ind1=" " ind2=" " tag="020">
<subfield code="a">9783486712315</subfield>
<subfield code="9">978-3-486-71231-5</subfield>
</datafield>
<datafield ind1=" " ind2=" " tag="020">
<subfield code="a">3486712314</subfield>
<subfield code="9">3-486-71231-4</subfield>
</datafield>
<datafield ind1="3" ind2=" " tag="024">
<subfield code="a">9783486712315</subfield>
</datafield>
<datafield ind1="7" ind2=" " tag="024">
<subfield code="2">urn</subfield>
<subfield code="a">urn:nbn:de:101:1-2022032116383035732172</subfield>
</datafield>
<datafield ind1=" " ind2=" " tag="035">
<subfield code="a">(DE-599)DNB1253838585</subfield>
</datafield>
<datafield ind1=" " ind2=" " tag="040">
<subfield code="a">1140</subfield>
<subfield code="b">ger</subfield>
<subfield code="c">DE-101</subfield>
<subfield code="d">0292</subfield>
</datafield>
<datafield ind1=" " ind2=" " tag="041">
<subfield code="8">1\p</subfield>
<subfield code="a">ger</subfield>
</datafield>
<datafield ind1=" " ind2=" " tag="044">
<subfield code="c">XA-DE-BE</subfield>
</datafield>
<datafield ind1="0" ind2="4" tag="082">
<subfield code="8">11\u</subfield>
<subfield code="8">12\p</subfield>
<subfield code="a">353.70943416409047</subfield>
<subfield code="q">DE-101</subfield>
<subfield code="2">22/ger</subfield>
</datafield>
<datafield ind1="7" ind2=" " tag="083">
<subfield code="8">13\p</subfield>
<subfield code="a">350</subfield>
<subfield code="a">320</subfield>
<subfield code="a">300</subfield>
<subfield code="a">943</subfield>
<subfield code="q">DE-101</subfield>
<subfield code="2">23sdnb</subfield>
</datafield>
<datafield ind1=" " ind2=" " tag="085">
<subfield code="8">11\u</subfield>
<subfield code="b">353.7</subfield>
</datafield>
<datafield ind1=" " ind2=" " tag="085">
<subfield code="8">11\u</subfield>
<subfield code="z">1</subfield>
<subfield code="s">09047</subfield>
</datafield>
<datafield ind1=" " ind2=" " tag="085">
<subfield code="8">11\u</subfield>
<subfield code="z">2</subfield>
<subfield code="s">434164</subfield>
</datafield>
<datafield ind1="1" ind2=" " tag="100">
<subfield code="8">2\p</subfield>
<subfield code="0">(DE-588)131995596</subfield>
<subfield code="0">https://d-nb.info/gnd/131995596</subfield>
<subfield code="0">(DE-101)131995596</subfield>
<subfield code="a">Kittel, Manfred</subfield>
<subfield code="d">1962-</subfield>
<subfield code="e">Verfasser</subfield>
<subfield code="4">aut</subfield>
<subfield code="2">gnd</subfield>
</datafield>
<datafield ind1="1" ind2="0" tag="245">
<subfield code="a">Marsch durch die Institutionen?</subfield>
<subfield code="b">Politik und Kultur in Frankfurt nach 1968</subfield>
<subfield code="c">Manfred Kittel</subfield>
</datafield>
<datafield ind1=" " ind2=" " tag="250">
<subfield code="a">1. Auflage</subfield>
</datafield>
<datafield ind1=" " ind2=" " tag="259">
<subfield code="a">11</subfield>
</datafield>
<datafield ind1=" " ind2="1" tag="264">
<subfield code="a">Berlin/München/Boston</subfield>
<subfield code="b">De Gruyter</subfield>
<subfield code="c">2012</subfield>
</datafield>
<datafield ind1=" " ind2="1" tag="264">
<subfield code="b">De Gruyter Oldenbourg</subfield>
<subfield code="c">2012</subfield>
</datafield>
<datafield ind1=" " ind2=" " tag="300">
<subfield code="a">Online-Ressource, 498 Seiten</subfield>
</datafield>
<datafield ind1=" " ind2=" " tag="336">
<subfield code="a">Text</subfield>
<subfield code="b">txt</subfield>
<subfield code="2">rdacontent</subfield>
</datafield>
<datafield ind1=" " ind2=" " tag="337">
<subfield code="a">Computermedien</subfield>
<subfield code="b">c</subfield>
<subfield code="2">rdamedia</subfield>
</datafield>
<datafield ind1=" " ind2=" " tag="338">
<subfield code="a">Online-Ressource</subfield>
<subfield code="b">cr</subfield>
<subfield code="2">rdacarrier</subfield>
</datafield>
<datafield ind1="1" ind2=" " tag="490">
<subfield code="a">Quellen und Darstellungen zur Zeitgeschichte</subfield>
<subfield code="v">86</subfield>
</datafield>
<datafield ind1="0" ind2=" " tag="490">
<subfield code="a">ISSN</subfield>
</datafield>
<datafield ind1="0" ind2=" " tag="506">
<subfield code="a">Open Access</subfield>
<subfield code="f">Unrestricted online access</subfield>
<subfield code="u">http://purl.org/coar/access_right/c_abf2</subfield>
<subfield code="2">star</subfield>
</datafield>
<datafield ind1=" " ind2=" " tag="540">
<subfield code="u">https://www.degruyter.com/page/free-access-policy</subfield>
</datafield>
<datafield ind1="1" ind2=" " tag="583">
<subfield code="a">Archivierung/Langzeitarchivierung gewährleistet</subfield>
<subfield code="5">DE-101</subfield>
<subfield code="2">pdager</subfield>
</datafield>
<datafield ind1=" " ind2="7" tag="648">
<subfield code="a">Geschichte 1968-1977</subfield>
<subfield code="9">rswk-swf</subfield>
<subfield code="2">gnd</subfield>
</datafield>
<datafield ind1=" " ind2="7" tag="650">
<subfield code="8">5\p</subfield>
<subfield code="0">(DE-588)4073641-6</subfield>
<subfield code="0">https://d-nb.info/gnd/4073641-6</subfield>
<subfield code="0">(DE-101)040736415</subfield>
<subfield code="a">Kommunale Kulturpolitik</subfield>
<subfield code="9">rswk-swf</subfield>
<subfield code="2">gnd</subfield>
</datafield>
<datafield ind1=" " ind2="7" tag="650">
<subfield code="8">7\p</subfield>
<subfield code="0">(DE-588)4058171-8</subfield>
<subfield code="0">https://d-nb.info/gnd/4058171-8</subfield>
<subfield code="0">(DE-101)040581713</subfield>
<subfield code="a">Studentenbewegung</subfield>
<subfield code="9">rswk-swf</subfield>
<subfield code="2">gnd</subfield>
</datafield>
<datafield ind1=" " ind2="7" tag="650">
<subfield code="8">9\p</subfield>
<subfield code="0">(DE-588)4112646-4</subfield>
<subfield code="0">https://d-nb.info/gnd/4112646-4</subfield>
<subfield code="0">(DE-101)041126467</subfield>
<subfield code="a">Auswirkung</subfield>
<subfield code="9">rswk-swf</subfield>
<subfield code="2">gnd</subfield>
</datafield>
<datafield ind1=" " ind2="7" tag="651">
<subfield code="8">3\p</subfield>
<subfield code="0">(DE-588)4018118-2</subfield>
<subfield code="0">https://d-nb.info/gnd/4018118-2</subfield>
<subfield code="0">(DE-101)040181189</subfield>
<subfield code="a">Frankfurt am Main</subfield>
<subfield code="9">rswk-swf</subfield>
<subfield code="2">gnd</subfield>
</datafield>
<datafield ind1=" " ind2=" " tag="653">
<subfield code="a">(Produktform)Electronic book text</subfield>
</datafield>
<datafield ind1=" " ind2=" " tag="653">
<subfield code="a">(Zielgruppe)Fachpublikum/ Wissenschaft</subfield>
</datafield>
<datafield ind1=" " ind2=" " tag="653">
<subfield code="a">(Zielgruppe)Fachpublikum/ Wissenschaft</subfield>
</datafield>
<datafield ind1=" " ind2=" " tag="653">
<subfield code="a">(BISAC Subject Heading)HIS000000</subfield>
</datafield>
<datafield ind1=" " ind2=" " tag="653">
<subfield code="a">(BISAC Subject Heading)HIS037070: HIS037070 HISTORY / Modern / 20th Century</subfield>
</datafield>
<datafield ind1=" " ind2=" " tag="653">
<subfield code="a">(BIC subject category)HBLW3: Postwar 20th century history, from c 1945 to c 2000</subfield>
</datafield>
<datafield ind1=" " ind2=" " tag="653">
<subfield code="a">Frankfurt am Main</subfield>
</datafield>
<datafield ind1=" " ind2=" " tag="653">
<subfield code="a">1968</subfield>
</datafield>
<datafield ind1=" " ind2=" " tag="653">
<subfield code="a">Studentenrevolte</subfield>
</datafield>
<datafield ind1=" " ind2=" " tag="653">
<subfield code="a">Gesellschaftsgeschichte</subfield>
</datafield>
<datafield ind1=" " ind2=" " tag="653">
<subfield code="a">(VLB-WN)9557</subfield>
</datafield>
<datafield ind1=" " ind2=" " tag="653">
<subfield code="a">(Keywords)Geschichte</subfield>
</datafield>
<datafield ind1=" " ind2=" " tag="653">
<subfield code="a">(Keywords)Zeitgeschichte</subfield>
</datafield>
<datafield ind1=" " ind2=" " tag="653">
<subfield code="a">(Keywords)Zeitgeschichte nach 1945</subfield>
</datafield>
<datafield ind1=" " ind2=" " tag="653">
<subfield code="a">(Keywords)Sozial- und Wirtschaftsgeschichte</subfield>
</datafield>
<datafield ind1="0" ind2="0" tag="689">
<subfield code="8">4\p</subfield>
<subfield code="0">(DE-588)4018118-2</subfield>
<subfield code="0">https://d-nb.info/gnd/4018118-2</subfield>
<subfield code="0">(DE-101)040181189</subfield>
<subfield code="D">g</subfield>
<subfield code="a">Frankfurt am Main</subfield>
</datafield>
<datafield ind1="0" ind2="1" tag="689">
<subfield code="8">6\p</subfield>
<subfield code="0">(DE-588)4073641-6</subfield>
<subfield code="0">https://d-nb.info/gnd/4073641-6</subfield>
<subfield code="0">(DE-101)040736415</subfield>
<subfield code="D">s</subfield>
<subfield code="a">Kommunale Kulturpolitik</subfield>
</datafield>
<datafield ind1="0" ind2="2" tag="689">
<subfield code="8">8\p</subfield>
<subfield code="0">(DE-588)4058171-8</subfield>
<subfield code="0">https://d-nb.info/gnd/4058171-8</subfield>
<subfield code="0">(DE-101)040581713</subfield>
<subfield code="D">s</subfield>
<subfield code="a">Studentenbewegung</subfield>
</datafield>
<datafield ind1="0" ind2="3" tag="689">
<subfield code="8">10\p</subfield>
<subfield code="0">(DE-588)4112646-4</subfield>
<subfield code="0">https://d-nb.info/gnd/4112646-4</subfield>
<subfield code="0">(DE-101)041126467</subfield>
<subfield code="D">s</subfield>
<subfield code="a">Auswirkung</subfield>
</datafield>
<datafield ind1="0" ind2="4" tag="689">
<subfield code="A">z</subfield>
<subfield code="a">Geschichte 1968-1977</subfield>
</datafield>
<datafield ind1="0" ind2=" " tag="689">
<subfield code="5">DE-101</subfield>
<subfield code="5">DE-101</subfield>
</datafield>
<datafield ind1="0" ind2="8" tag="776">
<subfield code="i">Erscheint auch als</subfield>
<subfield code="n">Druck-Ausgabe</subfield>
<subfield code="a">Kittel, Manfred, 1962-</subfield>
<subfield code="t">Marsch durch die Institutionen?</subfield>
<subfield code="d">München : Oldenbourg, 2011</subfield>
<subfield code="h">489 S.</subfield>
<subfield code="w">(DE-101)1009851918</subfield>
</datafield>
<datafield ind1=" " ind2="0" tag="830">
<subfield code="a">Quellen und Darstellungen zur Zeitgeschichte</subfield>
<subfield code="v">86</subfield>
</datafield>
<datafield ind1=" " ind2=" " tag="850">
<subfield code="a">DE-101a</subfield>
<subfield code="a">DE-101b</subfield>
</datafield>
<datafield ind1="4" ind2="0" tag="856">
<subfield code="u">https://nbn-resolving.org/urn:nbn:de:101:1-2022032116383035732172</subfield>
<subfield code="x">Resolving-System</subfield>
</datafield>
<datafield ind1=" " ind2="0" tag="856">
<subfield code="u">https://d-nb.info/1253838585/34</subfield>
<subfield code="x">Langzeitarchivierung Nationalbibliothek</subfield>
</datafield>
<datafield ind1="4" ind2=" " tag="856">
<subfield code="q">application/pdf</subfield>
<subfield code="u">https://www.degruyter.com/isbn/9783486712315</subfield>
<subfield code="x">Verlag</subfield>
</datafield>
<datafield ind1="4" ind2=" " tag="856">
<subfield code="q">application/pdf</subfield>
<subfield code="u">http://www.degruyter.com/search?f_0=isbnissn&amp;q_0=9783486712315&amp;searchTitles=true</subfield>
<subfield code="x">Verlag</subfield>
</datafield>
<datafield ind1="1" ind2=" " tag="883">
<subfield code="8">1\p</subfield>
<subfield code="a">npi</subfield>
<subfield code="d">20220321</subfield>
<subfield code="q">DE-101</subfield>
<subfield code="u">https://d-nb.info/provenance/plan#npi</subfield>
</datafield>
<datafield ind1="2" ind2=" " tag="883">
<subfield code="8">2\p</subfield>
<subfield code="a">dnb-pa</subfield>
<subfield code="d">20220322</subfield>
<subfield code="q">DE-101</subfield>
<subfield code="u">https://d-nb.info/provenance/plan#dnb-pa</subfield>
</datafield>
<datafield ind1="2" ind2=" " tag="883">
<subfield code="8">3\p</subfield>
<subfield code="a">dnb-pa</subfield>
<subfield code="d">20220322</subfield>
<subfield code="q">DE-101</subfield>
<subfield code="u">https://d-nb.info/provenance/plan#dnb-pa</subfield>
</datafield>
<datafield ind1="2" ind2=" " tag="883">
<subfield code="8">4\p</subfield>
<subfield code="a">dnb-pa</subfield>
<subfield code="d">20220322</subfield>
<subfield code="q">DE-101</subfield>
<subfield code="u">https://d-nb.info/provenance/plan#dnb-pa</subfield>
</datafield>
<datafield ind1="2" ind2=" " tag="883">
<subfield code="8">5\p</subfield>
<subfield code="a">dnb-pa</subfield>
<subfield code="d">20220322</subfield>
<subfield code="q">DE-101</subfield>
<subfield code="u">https://d-nb.info/provenance/plan#dnb-pa</subfield>
</datafield>
<datafield ind1="2" ind2=" " tag="883">
<subfield code="8">6\p</subfield>
<subfield code="a">dnb-pa</subfield>
<subfield code="d">20220322</subfield>
<subfield code="q">DE-101</subfield>
<subfield code="u">https://d-nb.info/provenance/plan#dnb-pa</subfield>
</datafield>
<datafield ind1="2" ind2=" " tag="883">
<subfield code="8">7\p</subfield>
<subfield code="a">dnb-pa</subfield>
<subfield code="d">20220322</subfield>
<subfield code="q">DE-101</subfield>
<subfield code="u">https://d-nb.info/provenance/plan#dnb-pa</subfield>
</datafield>
<datafield ind1="2" ind2=" " tag="883">
<subfield code="8">8\p</subfield>
<subfield code="a">dnb-pa</subfield>
<subfield code="d">20220322</subfield>
<subfield code="q">DE-101</subfield>
<subfield code="u">https://d-nb.info/provenance/plan#dnb-pa</subfield>
</datafield>
<datafield ind1="2" ind2=" " tag="883">
<subfield code="8">9\p</subfield>
<subfield code="a">dnb-pa</subfield>
<subfield code="d">20220322</subfield>
<subfield code="q">DE-101</subfield>
<subfield code="u">https://d-nb.info/provenance/plan#dnb-pa</subfield>
</datafield>
<datafield ind1="2" ind2=" " tag="883">
<subfield code="8">10\p</subfield>
<subfield code="a">dnb-pa</subfield>
<subfield code="d">20220322</subfield>
<subfield code="q">DE-101</subfield>
<subfield code="u">https://d-nb.info/provenance/plan#dnb-pa</subfield>
</datafield>
<datafield ind1="2" ind2=" " tag="883">
<subfield code="8">12\p</subfield>
<subfield code="a">dnb-pa</subfield>
<subfield code="d">20220322</subfield>
<subfield code="q">DE-101</subfield>
<subfield code="u">https://d-nb.info/provenance/plan#dnb-pa</subfield>
</datafield>
<datafield ind1="2" ind2=" " tag="883">
<subfield code="8">13\p</subfield>
<subfield code="a">dnb-pa</subfield>
<subfield code="d">20220322</subfield>
<subfield code="q">DE-101</subfield>
<subfield code="u">https://d-nb.info/provenance/plan#dnb-pa</subfield>
</datafield>
<datafield ind1="r" ind2=" " tag="925">
<subfield code="a">ro</subfield>
<subfield code="a">ra</subfield>
</datafield>
<datafield ind1="2" ind2=" " tag="926">
<subfield code="a">JP</subfield>
<subfield code="o">93</subfield>
<subfield code="x">Politics and government</subfield>
</datafield>
<datafield ind1="2" ind2=" " tag="926">
<subfield code="a">NHB</subfield>
<subfield code="o">93</subfield>
<subfield code="x">General and world history</subfield>
</datafield>
<datafield ind1="2" ind2=" " tag="926">
<subfield code="a">NHD</subfield>
<subfield code="o">93</subfield>
<subfield code="x">European history</subfield>
</datafield>
<datafield ind1="2" ind2=" " tag="926">
<subfield code="a">NHTB</subfield>
<subfield code="o">93</subfield>
<subfield code="x">Social and cultural history</subfield>
</datafield>
<datafield ind1=" " ind2=" " tag="927">
<subfield code="a">34930692</subfield>
</datafield>
</record>