<record type="Bibliographic" xmlns="http://www.loc.gov/MARC21/slim">
<leader>00000nam a2200000uc 4500</leader>
<controlfield tag="001">119753654X</controlfield>
<controlfield tag="003">DE-101</controlfield>
<controlfield tag="005">20191022063636.0</controlfield>
<controlfield tag="007">cr||||||||||||</controlfield>
<controlfield tag="008">191021s2012    gw |||||o|||| 00||||ger  </controlfield>
<datafield ind1=" " ind2=" " tag="015">
<subfield code="a">19,O11</subfield>
<subfield code="2">dnb</subfield>
</datafield>
<datafield ind1="7" ind2=" " tag="016">
<subfield code="2">DE-101</subfield>
<subfield code="a">119753654X</subfield>
</datafield>
<datafield ind1="7" ind2=" " tag="024">
<subfield code="a">10.6094/UNIFR/150893</subfield>
<subfield code="2">doi</subfield>
</datafield>
<datafield ind1="7" ind2=" " tag="024">
<subfield code="2">urn</subfield>
<subfield code="a">urn:nbn:de:bsz:25-freidok-1508932</subfield>
</datafield>
<datafield ind1=" " ind2=" " tag="035">
<subfield code="a">(DE-599)DNB119753654X</subfield>
</datafield>
<datafield ind1=" " ind2=" " tag="035">
<subfield code="a">(OCoLC)1175926043</subfield>
</datafield>
<datafield ind1=" " ind2=" " tag="040">
<subfield code="a">1240</subfield>
<subfield code="b">ger</subfield>
<subfield code="c">DE-101</subfield>
<subfield code="d">0292</subfield>
<subfield code="e">rda</subfield>
</datafield>
<datafield ind1=" " ind2=" " tag="041">
<subfield code="a">ger</subfield>
</datafield>
<datafield ind1=" " ind2=" " tag="044">
<subfield code="c">XA-DE-BW</subfield>
</datafield>
<datafield ind1="7" ind2="4" tag="082">
<subfield code="8">6\p</subfield>
<subfield code="a">370</subfield>
<subfield code="q">DE-101</subfield>
<subfield code="2">23sdnb</subfield>
</datafield>
<datafield ind1="1" ind2=" " tag="100">
<subfield code="0">(DE-588)12180741X</subfield>
<subfield code="0">https://d-nb.info/gnd/12180741X</subfield>
<subfield code="0">(DE-101)12180741X</subfield>
<subfield code="a">Herrmann, Hans Peter</subfield>
<subfield code="d">1929-</subfield>
<subfield code="e">Verfasser</subfield>
<subfield code="4">aut</subfield>
<subfield code="2">gnd</subfield>
</datafield>
<datafield ind1="1" ind2="0" tag="245">
<subfield code="a">Studentische Politik in den 1950ern: Hochschulreform und Demokratisierung in der "Freiburger Studentenzeitung"</subfield>
</datafield>
<datafield ind1=" " ind2="1" tag="264">
<subfield code="a">Freiburg</subfield>
<subfield code="b">Universität</subfield>
<subfield code="c">2019</subfield>
</datafield>
<datafield ind1=" " ind2=" " tag="300">
<subfield code="a">Online-Ressource</subfield>
</datafield>
<datafield ind1=" " ind2=" " tag="336">
<subfield code="a">Text</subfield>
<subfield code="b">txt</subfield>
<subfield code="2">rdacontent</subfield>
</datafield>
<datafield ind1=" " ind2=" " tag="337">
<subfield code="a">Computermedien</subfield>
<subfield code="b">c</subfield>
<subfield code="2">rdamedia</subfield>
</datafield>
<datafield ind1=" " ind2=" " tag="338">
<subfield code="a">Online-Ressource</subfield>
<subfield code="b">cr</subfield>
<subfield code="2">rdacarrier</subfield>
</datafield>
<datafield ind1=" " ind2=" " tag="500">
<subfield code="a">Freiburger Studentenzeitung : kommentierte digitale Gesamtausgabe 1951-1972. - 1 DVD (1951/72 (2012))</subfield>
</datafield>
<datafield ind1=" " ind2=" " tag="520">
<subfield code="a">Abstract: Der Artikel ist frei verfügbar; anstelle eines Abstract wird hier zunächst ein Ausschnitt aus der Einleitung wiedergegeben:&lt;br&gt;&lt;br&gt;Die "Freiburger Studentenzeitung" hatte innerhalb der bundesdeutschen Studentenzeitungen einen guten Ruf. Freiburg mit seinem breiten Zuzug von Studierenden aus West- und Norddeutschland und mit seinen damals sehr angesehenen geistes- und sozialwissenschaftlichen und juristischen Fakultäten galt zu Recht als interessante Universität. Die Vernetzung der FSZ und des AStA über den Verband Deutscher Studentenschaften VDS und seinen Jahrestagungen tat ein Übriges. So führt der genaue Blick in die FSZ durchaus zu einem exemplarischen Bild in bundesrepublikanische Zustände in den 1950ern.[3]&lt;br&gt;&lt;br&gt;Und dieses Bild wird von Widersprüchen und Spannungen bestimmt. Die FSZ der 1950er Jahre spiegelte schon bald nach ihrem Beginn eine wachsende Unzufriedenheit politisch interessierter Studierender mir der damaligen Situation in der BRD, Unzufriedenheit politisch interessierter Studierender mit der damaligen Situation in der BRD, Unzufriedenheit mit der wachsend ins Bewusstsein tretenden Stagnation des öffentlichen Lebens, mit den sozialen und politischen Bedingungen des Universitätsstudiums. Der Hochschule wurde vorgeworfen, in der Vergangenheit statt in der gegenwärtigen Gesellschaft zu leben, keine demokratischen Strukturen zu entwickeln, ihrem Bildungsauftrag zu verfehlen. Schon wenige Jahre nach Gründung der Zeitung (1951) haben immer neue Generationen von Redakteuren und Artikelschreibern unterschiedlichste Versuche unternommen, ihre eigene Erfahrung bundesrepublikanischer Wirklichkeit gegen das Gesellschaftsbild ihrer Hochschule in Stellung zu bringen und Veränderungen und Reformen anzustoßen. Seit 1953 rumorte es in der Studentenzeitung, seit 1955 deutlicher und kräftiger. 1959 gab es, wie gesagt, die ersten Konflikte, die dann, zwischen 1960 und 1965, in das Vorfeld der späteren „Studentenbewegung“ mündeten. Die Frage nach der angemessenen Form einer wie immer gearteten „Mitbestimmung“ der Studenten in der Universität durchzieht die FSZ von ihrer ersten Nummer an, und das auch in professoralen Beiträgen. Die wachsende Unruhe lässt sich bis ins Vokabular hinein verfolgen. Seit 1957 häufen sich die Belege für „Hochschulreform“ und „Universitätsreform“, 1960 schaffte es das Wort „Demokratie“ aufs Titelblatt, 1965 „Bildungsnotstand“ (wozu es dann noch eine Sondernummer gab) – alles Begriffe, die nach 1967 zu Leitmotiven der Protestbewegungen innerhalb der Universität werden sollten. So lässt sich wohl sagen, die „Studentenbewegung“, die 1967 begann, habe eine Vorbereitungszeit von 14 Jahren gehabt.&lt;br&gt;&lt;br&gt;Im Folgenden will ich diesen allgemeinen Eindruck in drei Schritten präzisieren: an der Auseinandersetzung der FSZ mit dem frühen Hochschulreformprojekt des Studium generale, an der Entstehung und Entwicklung inhaltlicher Demokratisierungsforderungen und an den ersten Konflikten zwischen der Studentenzeitung und dem jeweiligen Akademischen Rektorat um die Mitwirkung der Studierenden in der universitären Selbstverwaltung</subfield>
</datafield>
<datafield ind1=" " ind2=" " tag="540">
<subfield code="f">cc_by</subfield>
<subfield code="2">cc</subfield>
</datafield>
<datafield ind1="1" ind2=" " tag="583">
<subfield code="a">Archivierung/Langzeitarchivierung gewährleistet</subfield>
<subfield code="5">DE-101</subfield>
<subfield code="2">pdager</subfield>
</datafield>
<datafield ind1=" " ind2="7" tag="650">
<subfield code="8">1\p</subfield>
<subfield code="0">(DE-588)4326193-0</subfield>
<subfield code="0">https://d-nb.info/gnd/4326193-0</subfield>
<subfield code="0">(DE-101)043261930</subfield>
<subfield code="a">Studentenpresse</subfield>
<subfield code="2">gnd</subfield>
</datafield>
<datafield ind1=" " ind2="7" tag="650">
<subfield code="8">2\p</subfield>
<subfield code="0">(DE-588)4025255-3</subfield>
<subfield code="0">https://d-nb.info/gnd/4025255-3</subfield>
<subfield code="0">(DE-101)040252558</subfield>
<subfield code="a">Hochschulreform</subfield>
<subfield code="2">gnd</subfield>
</datafield>
<datafield ind1=" " ind2="7" tag="650">
<subfield code="8">3\p</subfield>
<subfield code="0">(DE-588)4124941-0</subfield>
<subfield code="0">https://d-nb.info/gnd/4124941-0</subfield>
<subfield code="0">(DE-101)041249410</subfield>
<subfield code="a">Demokratisierung</subfield>
<subfield code="2">gnd</subfield>
</datafield>
<datafield ind1=" " ind2="7" tag="650">
<subfield code="8">4\p</subfield>
<subfield code="0">(DE-588)4058167-6</subfield>
<subfield code="0">https://d-nb.info/gnd/4058167-6</subfield>
<subfield code="0">(DE-101)040581675</subfield>
<subfield code="a">Student</subfield>
<subfield code="2">gnd</subfield>
</datafield>
<datafield ind1=" " ind2="7" tag="650">
<subfield code="8">5\p</subfield>
<subfield code="0">(DE-588)4183846-4</subfield>
<subfield code="0">https://d-nb.info/gnd/4183846-4</subfield>
<subfield code="0">(DE-101)041838467</subfield>
<subfield code="a">Studium generale</subfield>
<subfield code="2">gnd</subfield>
</datafield>
<datafield ind1=" " ind2="7" tag="650">
<subfield code="0">(DE-588)4020383-9</subfield>
<subfield code="0">https://d-nb.info/gnd/4020383-9</subfield>
<subfield code="0">(DE-101)040203832</subfield>
<subfield code="a">Germanistik</subfield>
<subfield code="2">gnd</subfield>
</datafield>
<datafield ind1=" " ind2="7" tag="650">
<subfield code="0">(DE-588)4025255-3</subfield>
<subfield code="0">https://d-nb.info/gnd/4025255-3</subfield>
<subfield code="0">(DE-101)040252558</subfield>
<subfield code="a">Hochschulreform</subfield>
<subfield code="2">gnd</subfield>
</datafield>
<datafield ind1=" " ind2="7" tag="650">
<subfield code="0">(DE-588)4124941-0</subfield>
<subfield code="0">https://d-nb.info/gnd/4124941-0</subfield>
<subfield code="0">(DE-101)041249410</subfield>
<subfield code="a">Demokratisierung</subfield>
<subfield code="2">gnd</subfield>
</datafield>
<datafield ind1=" " ind2="6" tag="653">
<subfield code="a">(local)article</subfield>
</datafield>
<datafield ind1=" " ind2=" " tag="850">
<subfield code="a">DE-101a</subfield>
<subfield code="a">DE-101b</subfield>
</datafield>
<datafield ind1="4" ind2="0" tag="856">
<subfield code="u">https://doi.org/10.6094/UNIFR/150893</subfield>
<subfield code="x">Resolving-System</subfield>
</datafield>
<datafield ind1="4" ind2="0" tag="856">
<subfield code="u">https://nbn-resolving.org/urn:nbn:de:bsz:25-freidok-1508932</subfield>
<subfield code="x">Resolving-System</subfield>
</datafield>
<datafield ind1=" " ind2="0" tag="856">
<subfield code="u">https://d-nb.info/119753654X/34</subfield>
<subfield code="x">Langzeitarchivierung Nationalbibliothek</subfield>
</datafield>
<datafield ind1="4" ind2=" " tag="856">
<subfield code="q">application/pdf</subfield>
<subfield code="u">https://freidok.uni-freiburg.de/data/150893</subfield>
<subfield code="z">kostenfrei</subfield>
</datafield>
<datafield ind1="0" ind2=" " tag="883">
<subfield code="8">1\p</subfield>
<subfield code="a">aepgnd</subfield>
<subfield code="c">0,22247</subfield>
<subfield code="d">20191022</subfield>
<subfield code="q">DE-101</subfield>
<subfield code="u">https://d-nb.info/provenance/plan#aepgnd</subfield>
</datafield>
<datafield ind1="0" ind2=" " tag="883">
<subfield code="8">2\p</subfield>
<subfield code="a">aepgnd</subfield>
<subfield code="c">0,11308</subfield>
<subfield code="d">20191022</subfield>
<subfield code="q">DE-101</subfield>
<subfield code="u">https://d-nb.info/provenance/plan#aepgnd</subfield>
</datafield>
<datafield ind1="0" ind2=" " tag="883">
<subfield code="8">3\p</subfield>
<subfield code="a">aepgnd</subfield>
<subfield code="c">0,04455</subfield>
<subfield code="d">20191022</subfield>
<subfield code="q">DE-101</subfield>
<subfield code="u">https://d-nb.info/provenance/plan#aepgnd</subfield>
</datafield>
<datafield ind1="0" ind2=" " tag="883">
<subfield code="8">4\p</subfield>
<subfield code="a">aepgnd</subfield>
<subfield code="c">0,03973</subfield>
<subfield code="d">20191022</subfield>
<subfield code="q">DE-101</subfield>
<subfield code="u">https://d-nb.info/provenance/plan#aepgnd</subfield>
</datafield>
<datafield ind1="0" ind2=" " tag="883">
<subfield code="8">5\p</subfield>
<subfield code="a">aepgnd</subfield>
<subfield code="c">0,03095</subfield>
<subfield code="d">20191022</subfield>
<subfield code="q">DE-101</subfield>
<subfield code="u">https://d-nb.info/provenance/plan#aepgnd</subfield>
</datafield>
<datafield ind1="0" ind2=" " tag="883">
<subfield code="8">6\p</subfield>
<subfield code="a">aepsg</subfield>
<subfield code="c">0,99958</subfield>
<subfield code="d">20191022</subfield>
<subfield code="q">DE-101</subfield>
<subfield code="u">https://d-nb.info/provenance/plan#aepsg</subfield>
</datafield>
<datafield ind1="r" ind2=" " tag="925">
<subfield code="a">ro</subfield>
<subfield code="a">rb</subfield>
</datafield>
<datafield ind1=" " ind2=" " tag="927">
<subfield code="a">28966953</subfield>
</datafield>
</record>