<record type="Bibliographic" xmlns="http://www.loc.gov/MARC21/slim">
<leader>00000nam a2200000uc 4500</leader>
<controlfield tag="001">1190993406</controlfield>
<controlfield tag="003">DE-101</controlfield>
<controlfield tag="005">20250818083327.0</controlfield>
<controlfield tag="007">cr||||||||||||</controlfield>
<controlfield tag="008">190720s2009    gw |||||o|||| 00||||bos  </controlfield>
<datafield ind1=" " ind2=" " tag="015">
<subfield code="a">19,O08</subfield>
<subfield code="2">dnb</subfield>
</datafield>
<datafield ind1="7" ind2=" " tag="016">
<subfield code="2">DE-101</subfield>
<subfield code="a">1190993406</subfield>
</datafield>
<datafield ind1=" " ind2=" " tag="020">
<subfield code="a">9788686559074</subfield>
<subfield code="9">978-86-86559-07-4</subfield>
</datafield>
<datafield ind1="7" ind2=" " tag="024">
<subfield code="2">urn</subfield>
<subfield code="a">urn:nbn:de:0168-ssoar-454211</subfield>
</datafield>
<datafield ind1="8" ind2=" " tag="024">
<subfield code="a">oai:gesis.izsoz.de:document/45421</subfield>
</datafield>
<datafield ind1=" " ind2=" " tag="035">
<subfield code="a">(DE-599)DNB1190993406</subfield>
</datafield>
<datafield ind1=" " ind2=" " tag="035">
<subfield code="a">(OCoLC)1190133567</subfield>
</datafield>
<datafield ind1=" " ind2=" " tag="040">
<subfield code="a">1240</subfield>
<subfield code="b">ger</subfield>
<subfield code="c">DE-101</subfield>
<subfield code="d">9999</subfield>
</datafield>
<datafield ind1=" " ind2=" " tag="041">
<subfield code="8">1\p</subfield>
<subfield code="a">bos</subfield>
</datafield>
<datafield ind1=" " ind2=" " tag="044">
<subfield code="c">XA-DE-BW</subfield>
</datafield>
<datafield ind1="7" ind2="4" tag="082">
<subfield code="8">4\p</subfield>
<subfield code="a">900</subfield>
<subfield code="q">DE-101</subfield>
<subfield code="2">23sdnb</subfield>
</datafield>
<datafield ind1=" " ind2=" " tag="084">
<subfield code="a">900</subfield>
<subfield code="2">sdnb</subfield>
</datafield>
<datafield ind1="1" ind2=" " tag="100">
<subfield code="8">3\p</subfield>
<subfield code="0">(DE-588)1069006785</subfield>
<subfield code="0">https://d-nb.info/gnd/1069006785</subfield>
<subfield code="0">(DE-101)1069006785</subfield>
<subfield code="a">Tomić, Đorđe</subfield>
<subfield code="d">1980-</subfield>
<subfield code="e">Herausgeber</subfield>
<subfield code="4">edt</subfield>
<subfield code="2">gnd</subfield>
</datafield>
<datafield ind1="1" ind2="0" tag="245">
<subfield code="a">Društvo u pokretu: novi društveni pokreti u Jugoslaviji od 1968. do danas</subfield>
</datafield>
<datafield ind1="3" ind2=" " tag="246">
<subfield code="a">Gesellschaft in Bewegung: neue soziale Bewegungen in Jugoslawien von 1968 bis heute</subfield>
</datafield>
<datafield ind1=" " ind2="1" tag="264">
<subfield code="a">Novi Sad</subfield>
<subfield code="b">Cenzura</subfield>
<subfield code="c">2009</subfield>
</datafield>
<datafield ind1=" " ind2=" " tag="300">
<subfield code="a">Online-Ressource, 261 S.</subfield>
</datafield>
<datafield ind1=" " ind2=" " tag="336">
<subfield code="a">Text</subfield>
<subfield code="b">txt</subfield>
<subfield code="2">rdacontent</subfield>
</datafield>
<datafield ind1=" " ind2=" " tag="337">
<subfield code="a">Computermedien</subfield>
<subfield code="b">c</subfield>
<subfield code="2">rdamedia</subfield>
</datafield>
<datafield ind1=" " ind2=" " tag="338">
<subfield code="a">Online-Ressource</subfield>
<subfield code="b">cr</subfield>
<subfield code="2">rdacarrier</subfield>
</datafield>
<datafield ind1=" " ind2=" " tag="500">
<subfield code="a">Veröffentlichungsversion</subfield>
</datafield>
<datafield ind1=" " ind2=" " tag="500">
<subfield code="a">begutachtet</subfield>
</datafield>
<datafield ind1="0" ind2=" " tag="506">
<subfield code="a">Open Access</subfield>
<subfield code="f">Unrestricted online access</subfield>
<subfield code="u">http://purl.org/coar/access_right/c_abf2</subfield>
<subfield code="2">star</subfield>
</datafield>
<datafield ind1="0" ind2=" " tag="506">
<subfield code="a">Open Access</subfield>
<subfield code="f">Unrestricted online access</subfield>
<subfield code="u">http://purl.org/coar/access_right/c_abf2</subfield>
<subfield code="2">star</subfield>
</datafield>
<datafield ind1=" " ind2=" " tag="540">
<subfield code="a">Creative Commons - Namensnennung, Nicht kommerz., Keine Bearbeitung</subfield>
<subfield code="u">http://creativecommons.org/licenses/by-nc-nd/4.0</subfield>
<subfield code="2">cc</subfield>
</datafield>
<datafield ind1="1" ind2=" " tag="583">
<subfield code="a">Archivierung/Langzeitarchivierung gewährleistet</subfield>
<subfield code="5">DE-101</subfield>
<subfield code="2">pdager</subfield>
</datafield>
<datafield ind1=" " ind2="0" tag="653">
<subfield code="a">(thesoz)Jugoslawien</subfield>
</datafield>
<datafield ind1=" " ind2="0" tag="653">
<subfield code="a">(thesoz)soziale Bewegung</subfield>
</datafield>
<datafield ind1=" " ind2="0" tag="653">
<subfield code="a">(thesoz)Studentenbewegung</subfield>
</datafield>
<datafield ind1=" " ind2="0" tag="653">
<subfield code="a">(thesoz)Protestbewegung</subfield>
</datafield>
<datafield ind1=" " ind2="0" tag="653">
<subfield code="a">(thesoz)Frauenbewegung</subfield>
</datafield>
<datafield ind1=" " ind2="0" tag="653">
<subfield code="a">(thesoz)Kroatien</subfield>
</datafield>
<datafield ind1=" " ind2="0" tag="653">
<subfield code="a">(thesoz)Slowenien</subfield>
</datafield>
<datafield ind1=" " ind2="0" tag="653">
<subfield code="a">(thesoz)Bosnien-Herzegowina</subfield>
</datafield>
<datafield ind1=" " ind2="0" tag="653">
<subfield code="a">(thesoz)Mazedonien</subfield>
</datafield>
<datafield ind1=" " ind2="0" tag="653">
<subfield code="a">(thesoz)Serbien</subfield>
</datafield>
<datafield ind1=" " ind2="0" tag="653">
<subfield code="a">(thesoz)Bundesrepublik Jugoslawien</subfield>
</datafield>
<datafield ind1=" " ind2="0" tag="653">
<subfield code="a">(thesoz)historische Entwicklung</subfield>
</datafield>
<datafield ind1=" " ind2="7" tag="655">
<subfield code="8">2\p</subfield>
<subfield code="0">(DE-588)1071861417</subfield>
<subfield code="0">https://d-nb.info/gnd/1071861417</subfield>
<subfield code="0">(DE-101)1071861417</subfield>
<subfield code="a">Konferenzschrift</subfield>
<subfield code="2">gnd-content</subfield>
</datafield>
<datafield ind1="1" ind2=" " tag="700">
<subfield code="a">Atanacković, Petar</subfield>
<subfield code="e">Herausgeber</subfield>
<subfield code="4">edt</subfield>
</datafield>
<datafield ind1=" " ind2=" " tag="850">
<subfield code="a">DE-101a</subfield>
<subfield code="a">DE-101b</subfield>
</datafield>
<datafield ind1="4" ind2="0" tag="856">
<subfield code="u">https://nbn-resolving.org/urn:nbn:de:0168-ssoar-454211</subfield>
<subfield code="x">Resolving-System</subfield>
</datafield>
<datafield ind1=" " ind2="0" tag="856">
<subfield code="u">https://d-nb.info/1190993406/34</subfield>
<subfield code="x">Langzeitarchivierung Nationalbibliothek</subfield>
</datafield>
<datafield ind1="4" ind2=" " tag="856">
<subfield code="q">application/pdf</subfield>
<subfield code="s"> bytes</subfield>
<subfield code="u">http://www.ssoar.info/ssoar/handle/document/45421</subfield>
</datafield>
<datafield ind1="0" ind2=" " tag="883">
<subfield code="8">1\p</subfield>
<subfield code="a">aeplc</subfield>
<subfield code="c">0,99867</subfield>
<subfield code="d">20190721</subfield>
<subfield code="q">DE-101</subfield>
<subfield code="u">https://d-nb.info/provenance/plan#aeplc</subfield>
</datafield>
<datafield ind1=" " ind2=" " tag="883">
<subfield code="8">2\p</subfield>
<subfield code="a">cgwrk</subfield>
<subfield code="d">20250818</subfield>
<subfield code="q">DE-101</subfield>
<subfield code="u">https://d-nb.info/provenance/plan#cgwrk</subfield>
</datafield>
<datafield ind1=" " ind2=" " tag="883">
<subfield code="8">3\p</subfield>
<subfield code="a">cgwrk</subfield>
<subfield code="d">20220812</subfield>
<subfield code="q">DE-101</subfield>
<subfield code="u">https://d-nb.info/provenance/plan#cgwrk</subfield>
</datafield>
<datafield ind1="1" ind2=" " tag="883">
<subfield code="8">4\p</subfield>
<subfield code="a">npi</subfield>
<subfield code="d">20211004</subfield>
<subfield code="q">DE-101</subfield>
<subfield code="u">https://d-nb.info/provenance/plan#npi</subfield>
</datafield>
<datafield ind1="r" ind2=" " tag="925">
<subfield code="a">ro</subfield>
<subfield code="a">rb</subfield>
</datafield>
<datafield ind1=" " ind2=" " tag="927">
<subfield code="a">59572244</subfield>
</datafield>
</record>