<record type="Bibliographic" xmlns="http://www.loc.gov/MARC21/slim">
<leader>00000nam a2200000uc 4500</leader>
<controlfield tag="001">1197536523</controlfield>
<controlfield tag="003">DE-101</controlfield>
<controlfield tag="005">20191021233110.0</controlfield>
<controlfield tag="007">cr||||||||||||</controlfield>
<controlfield tag="008">191021s2009    gw |||||o|||| 00||||ger  </controlfield>
<datafield ind1=" " ind2=" " tag="015">
<subfield code="a">19,O11</subfield>
<subfield code="2">dnb</subfield>
</datafield>
<datafield ind1="7" ind2=" " tag="016">
<subfield code="2">DE-101</subfield>
<subfield code="a">1197536523</subfield>
</datafield>
<datafield ind1="7" ind2=" " tag="024">
<subfield code="a">10.6094/UNIFR/150891</subfield>
<subfield code="2">doi</subfield>
</datafield>
<datafield ind1="7" ind2=" " tag="024">
<subfield code="2">urn</subfield>
<subfield code="a">urn:nbn:de:bsz:25-freidok-1508917</subfield>
</datafield>
<datafield ind1=" " ind2=" " tag="035">
<subfield code="a">(DE-599)DNB1197536523</subfield>
</datafield>
<datafield ind1=" " ind2=" " tag="035">
<subfield code="a">(OCoLC)1176145528</subfield>
</datafield>
<datafield ind1=" " ind2=" " tag="040">
<subfield code="a">1240</subfield>
<subfield code="b">ger</subfield>
<subfield code="c">DE-101</subfield>
<subfield code="d">9999</subfield>
<subfield code="e">rda</subfield>
</datafield>
<datafield ind1=" " ind2=" " tag="041">
<subfield code="a">ger</subfield>
</datafield>
<datafield ind1=" " ind2=" " tag="044">
<subfield code="c">XA-DE-BW</subfield>
</datafield>
<datafield ind1="7" ind2="4" tag="082">
<subfield code="8">1\p</subfield>
<subfield code="a">830</subfield>
<subfield code="q">DE-101</subfield>
<subfield code="2">23sdnb</subfield>
</datafield>
<datafield ind1="1" ind2=" " tag="100">
<subfield code="0">(DE-588)12180741X</subfield>
<subfield code="0">https://d-nb.info/gnd/12180741X</subfield>
<subfield code="0">(DE-101)12180741X</subfield>
<subfield code="a">Herrmann, Hans Peter</subfield>
<subfield code="d">1929-</subfield>
<subfield code="e">Verfasser</subfield>
<subfield code="4">aut</subfield>
<subfield code="2">gnd</subfield>
</datafield>
<datafield ind1="1" ind2="0" tag="245">
<subfield code="a">Wie sinnvoll reden über "1968 und die Germanistik"?</subfield>
</datafield>
<datafield ind1=" " ind2="1" tag="264">
<subfield code="a">Freiburg</subfield>
<subfield code="b">Universität</subfield>
<subfield code="c">2019</subfield>
</datafield>
<datafield ind1=" " ind2=" " tag="300">
<subfield code="a">Online-Ressource</subfield>
</datafield>
<datafield ind1=" " ind2=" " tag="336">
<subfield code="a">Text</subfield>
<subfield code="b">txt</subfield>
<subfield code="2">rdacontent</subfield>
</datafield>
<datafield ind1=" " ind2=" " tag="337">
<subfield code="a">Computermedien</subfield>
<subfield code="b">c</subfield>
<subfield code="2">rdamedia</subfield>
</datafield>
<datafield ind1=" " ind2=" " tag="338">
<subfield code="a">Online-Ressource</subfield>
<subfield code="b">cr</subfield>
<subfield code="2">rdacarrier</subfield>
</datafield>
<datafield ind1=" " ind2=" " tag="500">
<subfield code="a">Spiele um Grenzen : Germanistik zwischen Weimarer und Berliner Republik. - Heidelberg : Gerhard Kaiser und Jens Saadhoff (Hrsgg.), 2009. - 243-260, ISBN: 978-3-939381-17-4</subfield>
</datafield>
<datafield ind1=" " ind2=" " tag="520">
<subfield code="a">Abstract: Der Artikel ist frei verfügbar; anstelle eines Abstract wird hier zunächst der Anfang wiedergegeben:&lt;br&gt;&lt;br&gt;Die Frage ist nicht gerade neu. „Wie über 68 schreiben?“ stand schon vor sechs Jahren über einem Aufsatz von Wolfgang Kraushaar (Kraushaar 2000). Ihm ging es vor allem um die notwendige Balance zwischen der gegenstandsnahen Erinnerung des Beteiligten und der objektivierenden Distanz des Historikers, aber er konstatierte im gleichen Band, daß geschichtspolitische Positionen immer noch und eher wachsend die historische Forschung durchziehen. Über den zweiten Punkt will ich hier sprechen.&lt;br&gt;&lt;br&gt;Während der Tagung, von der dieser Band berichtet, war es zu einer heftigen Diskussion über „68 und die Germanistik“ gekommen, ausgelöst durch einen anspruchsvoll vorgetragenen Beitrag, der die „Studentenbewegung“ und ihre Bedeutung für die Literaturwissenschaft so verkürzt darstellte, wie ich das hier nicht erwartet hätte nach den vielen gründlichen Arbeiten, die inzwischen zu diesem Thema erschienen sind. Unter den vielen gründlichen Arbeiten, die inzwischen zu diesem Thema erschienen sind. Unter den Tagungsmitgliedern setzte sich rasch eine komplexe Sicht durch, aber mir hatte sich einmal mehr gezeigt, wie umstritten auch heute noch Ablauf und Bedeutung der damaligen Ereignisse sind, auch unter Fachkollegen, und nicht nur unter denen, die in dieser Zeit auf der einen oder der anderen Seite engagiert waren. Für das kommende Jahr stehen weitere Veröffentlichungen zu diesem Thema an; die notwendigen Diskussionen darüber sollten anders geführt werden als beim jüngsten Medienhype um die Begnadigung von RAF-Mitgliedern. So kann es vielleicht nützlich sein, auch auf dem speziellen Gebiet der Germanistik, mit dem begrenzten Fokus eigener Erfahrungen und im Rückgriff auf die Forschungen anderer, daran zu erinnern, welche Fehler tunlichst vermieden werden sollten, wenn es zu einer sinnvollen Verständigung über „68“ kommen soll.&lt;br&gt;&lt;br&gt;Das Folgende ist der Versuch, meinen spontanen Siegener Diskussionsbeitrag in verallgemeinerter Form zu Papier zu bringen, indem ich drei dort sichtbar gewordene, M.E. exemplarische, „Fehlblicke auf 68“ benenne und ihnen meine Sicht entgegenstelle. Auch die ist, wie anders, parteilich. Ich hatte mich 1967 ff. als frisch gebackener Privatdozent, später als Professor für Neuere Deutsche Literaturwissenschaft aktiv an der Universitätsreformbewegung beteiligt. Mein Engagement war – soweit es hier zur Debatte steht und ich mir der Sache bewußt bin – von drei Motiven bestimmt: ich suchte als Literaturwissenschaftler nach Möglichkeiten, den traditionellen kunsttheoretischen Idealismus der Germanistik, der mir in Freiburg exemplarisch begegnet war, zu durchbrechen und literarische Werke als Teil einer umfassenderen gesellschaftlichen Praxis zu verstehen; ich wollte als Hochschullehrer zu einer radikalen Demokratisierung der Universität beitragen und partnerschaftlichere Formen des Unterrichts praktizieren, als sie um mich herum üblich waren; und ich wollte meine Berufsarbeit verbinden mit meinem politischen Engagement als Mitglied einer Generation, die die NS-Zeit noch bewußt erlebt und die Zeit nach 1945 als einen stecken gebliebenen Aufbruch zu einer befreiten Gesellschaft erfahren hatte. Mit allen drei Motiven war ich damals bekanntlich nicht allein; alle drei gehörten für mich zusammen; alle drei waren utopische Ziele, deren damalige Formulierungen ich heute nicht mehr verwenden würde; alle drei halte ich indes auch heute noch für unverzichtbar. – Zu den Protagonisten der Protestbewegung habe ich nicht gehört. Ich arbeite in Freiburg, nicht in Berlin oder Frankfurt, den Zentren der Auseinandersetzungen. Und an der Universität war ich als 1967 frisch habilitierter Dozent weder Mittelbauer noch richtiger „Prof.“ (Herrmann 2005). Das brachte eine gewisse Randständigkeit mit sich, in der ich mich nicht unwohl gefühlt habe und mich assoziieren konnte, wie ich wollte. Auch deshalb wird im Folgenden die Breite und Widersprüchlichkeit der „Bewegung“ mehr im Vordergrund stehen als bei denen, die einer der organisierten Studentengruppen angehörten, sich als Vordenker profiliert hatten oder als Ordinarien Ziel des Protests waren.&lt;br&gt;&lt;br&gt;So dient dieser Essay auch der Selbstvergewisserung. In der Meinung, daß die intellektuelle, die hochschulpolitische und didaktische sowie die allgemeinpolitische Funktion von Wissenschaft nicht getrennt werden können, werde ich allgemeine Bemerkungen über die Studentenbewegung, spezielle Bemerkungen über das Fach und meine eigenen Erfahrungen in ihm sehr eng führen. Daß sich dabei Verkürzungen ergeben, die hier ohne explizite methodische Absicherung bleiben müssen, nehme ich in Kauf und bitte andererseits um Geduld, wenn gelegentlich ein längerer Umweg in die Allgemeingeschichte das Verständnis für die Fachgeschichte verbessern soll</subfield>
</datafield>
<datafield ind1=" " ind2=" " tag="540">
<subfield code="f">cc_by</subfield>
<subfield code="2">cc</subfield>
</datafield>
<datafield ind1="1" ind2=" " tag="583">
<subfield code="a">Archivierung/Langzeitarchivierung gewährleistet</subfield>
<subfield code="5">DE-101</subfield>
<subfield code="2">pdager</subfield>
</datafield>
<datafield ind1=" " ind2="7" tag="650">
<subfield code="0">(DE-588)4020383-9</subfield>
<subfield code="0">https://d-nb.info/gnd/4020383-9</subfield>
<subfield code="0">(DE-101)040203832</subfield>
<subfield code="a">Germanistik</subfield>
<subfield code="2">gnd</subfield>
</datafield>
<datafield ind1=" " ind2="7" tag="650">
<subfield code="0">(DE-588)4394007-9</subfield>
<subfield code="0">https://d-nb.info/gnd/4394007-9</subfield>
<subfield code="0">(DE-101)946203172</subfield>
<subfield code="a">Achtundsechziger</subfield>
<subfield code="2">gnd</subfield>
</datafield>
<datafield ind1=" " ind2="7" tag="650">
<subfield code="0">(DE-588)4058171-8</subfield>
<subfield code="0">https://d-nb.info/gnd/4058171-8</subfield>
<subfield code="0">(DE-101)040581713</subfield>
<subfield code="a">Studentenbewegung</subfield>
<subfield code="2">gnd</subfield>
</datafield>
<datafield ind1=" " ind2="6" tag="653">
<subfield code="a">(local)bookPart</subfield>
</datafield>
<datafield ind1=" " ind2=" " tag="850">
<subfield code="a">DE-101a</subfield>
<subfield code="a">DE-101b</subfield>
</datafield>
<datafield ind1="4" ind2="0" tag="856">
<subfield code="u">https://doi.org/10.6094/UNIFR/150891</subfield>
<subfield code="x">Resolving-System</subfield>
</datafield>
<datafield ind1="4" ind2="0" tag="856">
<subfield code="u">https://nbn-resolving.org/urn:nbn:de:bsz:25-freidok-1508917</subfield>
<subfield code="x">Resolving-System</subfield>
</datafield>
<datafield ind1=" " ind2="0" tag="856">
<subfield code="u">https://d-nb.info/1197536523/34</subfield>
<subfield code="x">Langzeitarchivierung Nationalbibliothek</subfield>
</datafield>
<datafield ind1="4" ind2=" " tag="856">
<subfield code="q">application/pdf</subfield>
<subfield code="u">https://freidok.uni-freiburg.de/data/150891</subfield>
<subfield code="z">kostenfrei</subfield>
</datafield>
<datafield ind1="1" ind2=" " tag="883">
<subfield code="8">1\p</subfield>
<subfield code="a">npi</subfield>
<subfield code="d">20211004</subfield>
<subfield code="q">DE-101</subfield>
<subfield code="u">https://d-nb.info/provenance/plan#npi</subfield>
</datafield>
<datafield ind1="r" ind2=" " tag="925">
<subfield code="a">ro</subfield>
<subfield code="a">rb</subfield>
</datafield>
<datafield ind1=" " ind2=" " tag="927">
<subfield code="a">28966953</subfield>
</datafield>
</record>