<record type="Bibliographic" xmlns="http://www.loc.gov/MARC21/slim">
<leader>00000nam a2200000uc 4500</leader>
<controlfield tag="001">1191660060</controlfield>
<controlfield tag="003">DE-101</controlfield>
<controlfield tag="005">20190729182011.0</controlfield>
<controlfield tag="007">cr||||||||||||</controlfield>
<controlfield tag="008">190728s2008    gw |||||o|||| 00||||ger  </controlfield>
<datafield ind1=" " ind2=" " tag="015">
<subfield code="a">19,O08</subfield>
<subfield code="2">dnb</subfield>
</datafield>
<datafield ind1="7" ind2=" " tag="016">
<subfield code="2">DE-101</subfield>
<subfield code="a">1191660060</subfield>
</datafield>
<datafield ind1="7" ind2=" " tag="024">
<subfield code="2">urn</subfield>
<subfield code="a">urn:nbn:de:0168-ssoar-325787</subfield>
</datafield>
<datafield ind1="8" ind2=" " tag="024">
<subfield code="a">oai:gesis.izsoz.de:document/32578</subfield>
</datafield>
<datafield ind1=" " ind2=" " tag="035">
<subfield code="a">(DE-599)DNB1191660060</subfield>
</datafield>
<datafield ind1=" " ind2=" " tag="040">
<subfield code="a">1240</subfield>
<subfield code="b">ger</subfield>
<subfield code="c">DE-101</subfield>
<subfield code="d">9999</subfield>
</datafield>
<datafield ind1=" " ind2=" " tag="041">
<subfield code="a">ger</subfield>
</datafield>
<datafield ind1=" " ind2=" " tag="044">
<subfield code="c">XA-DE-BW</subfield>
</datafield>
<datafield ind1="7" ind2="4" tag="082">
<subfield code="8">4\p</subfield>
<subfield code="a">303.484</subfield>
<subfield code="q">DE-101</subfield>
<subfield code="2">23kdnb</subfield>
</datafield>
<datafield ind1="7" ind2=" " tag="083">
<subfield code="8">5\p</subfield>
<subfield code="a">300</subfield>
<subfield code="q">DE-101</subfield>
<subfield code="2">23sdnb</subfield>
</datafield>
<datafield ind1=" " ind2=" " tag="084">
<subfield code="a">320</subfield>
<subfield code="a">150</subfield>
<subfield code="2">sdnb</subfield>
</datafield>
<datafield ind1="1" ind2=" " tag="100">
<subfield code="a">Teune, Simon</subfield>
<subfield code="e">Verfasser</subfield>
<subfield code="4">aut</subfield>
</datafield>
<datafield ind1="1" ind2="0" tag="245">
<subfield code="a">Wie ein Fisch im Wasser der Zeichenwelt: Spaßguerilla seit den 1960er Jahren</subfield>
</datafield>
<datafield ind1="3" ind2=" " tag="246">
<subfield code="a">Like a fish in the water of the world of signs: fun guerrilla since the sixties</subfield>
</datafield>
<datafield ind1=" " ind2="1" tag="264">
<subfield code="a">Mannheim</subfield>
<subfield code="c">2008</subfield>
</datafield>
<datafield ind1=" " ind2=" " tag="300">
<subfield code="a">Online-Ressource</subfield>
</datafield>
<datafield ind1=" " ind2=" " tag="336">
<subfield code="a">Text</subfield>
<subfield code="b">txt</subfield>
<subfield code="2">rdacontent</subfield>
</datafield>
<datafield ind1=" " ind2=" " tag="337">
<subfield code="a">Computermedien</subfield>
<subfield code="b">c</subfield>
<subfield code="2">rdamedia</subfield>
</datafield>
<datafield ind1=" " ind2=" " tag="338">
<subfield code="a">Online-Ressource</subfield>
<subfield code="b">cr</subfield>
<subfield code="2">rdacarrier</subfield>
</datafield>
<datafield ind1=" " ind2=" " tag="500">
<subfield code="a">Veröffentlichungsversion</subfield>
</datafield>
<datafield ind1=" " ind2=" " tag="500">
<subfield code="a">begutachtet</subfield>
</datafield>
<datafield ind1=" " ind2=" " tag="500">
<subfield code="a">In: Psychologie und Gesellschaftskritik ; 32 (2008) 4 ; 39-67</subfield>
</datafield>
<datafield ind1="0" ind2=" " tag="506">
<subfield code="a">Open Access</subfield>
<subfield code="f">Unrestricted online access</subfield>
<subfield code="u">http://purl.org/coar/access_right/c_abf2</subfield>
<subfield code="2">star</subfield>
</datafield>
<datafield ind1="0" ind2=" " tag="506">
<subfield code="a">Open Access</subfield>
<subfield code="f">Unrestricted online access</subfield>
<subfield code="u">http://purl.org/coar/access_right/c_abf2</subfield>
<subfield code="2">star</subfield>
</datafield>
<datafield ind1=" " ind2=" " tag="520">
<subfield code="a">Abstract: "Subversive Formen des Protestes haben seit der Studentenbewegung einen festen Platz im Aktionsrepertoire sozialer Bewegungen. Das Konzept der Spaßguerilla, dass in der Kommune I entwickelt und umgesetzt wurde, war der Versuch, Protest neu zu erfinden und seine Grenzen zu überschreiten. Eine in der Form angelegte Macht- und Repräsentationskritik, Verfremdung und die Anstiftung zur Selbsttätigkeit sind die Wesentlichen Elemente subversiven Protestes. Der Aufsatz versucht, die Entstehung und Entwicklung dieser Protestgattung nachzuzeichnen, ihre Formen zu systematisieren und die dahinter stehenden Überlegungen zusammenzufassen." (Autorenreferat)</subfield>
</datafield>
<datafield ind1=" " ind2=" " tag="540">
<subfield code="a">Creative Commons - Namensnennung, Nicht kommerz., Keine Bearbeitung</subfield>
<subfield code="u">http://creativecommons.org/licenses/by-nc-nd/4.0</subfield>
<subfield code="2">cc</subfield>
</datafield>
<datafield ind1="1" ind2=" " tag="583">
<subfield code="a">Archivierung/Langzeitarchivierung gewährleistet</subfield>
<subfield code="5">DE-101</subfield>
<subfield code="2">pdager</subfield>
</datafield>
<datafield ind1=" " ind2="7" tag="650">
<subfield code="8">1\p</subfield>
<subfield code="0">(DE-588)4506223-7</subfield>
<subfield code="0">https://d-nb.info/gnd/4506223-7</subfield>
<subfield code="0">(DE-101)953892409</subfield>
<subfield code="a">Fischwasser</subfield>
<subfield code="2">gnd</subfield>
</datafield>
<datafield ind1=" " ind2="7" tag="650">
<subfield code="8">2\p</subfield>
<subfield code="0">(DE-588)4157835-1</subfield>
<subfield code="0">https://d-nb.info/gnd/4157835-1</subfield>
<subfield code="0">(DE-101)04157835X</subfield>
<subfield code="a">Protest</subfield>
<subfield code="2">gnd</subfield>
</datafield>
<datafield ind1=" " ind2="7" tag="650">
<subfield code="8">3\p</subfield>
<subfield code="0">(DE-588)4067439-3</subfield>
<subfield code="0">https://d-nb.info/gnd/4067439-3</subfield>
<subfield code="0">(DE-101)040674398</subfield>
<subfield code="a">Zeichen</subfield>
<subfield code="2">gnd</subfield>
</datafield>
<datafield ind1=" " ind2="0" tag="653">
<subfield code="a">(thesoz)Gesellschaft</subfield>
</datafield>
<datafield ind1=" " ind2="0" tag="653">
<subfield code="a">(thesoz)soziale Bewegung</subfield>
</datafield>
<datafield ind1=" " ind2="0" tag="653">
<subfield code="a">(thesoz)Alternative</subfield>
</datafield>
<datafield ind1=" " ind2="0" tag="653">
<subfield code="a">(thesoz)historische Analyse</subfield>
</datafield>
<datafield ind1=" " ind2="0" tag="653">
<subfield code="a">(thesoz)Protestbewegung</subfield>
</datafield>
<datafield ind1=" " ind2="0" tag="653">
<subfield code="a">(thesoz)Sprache</subfield>
</datafield>
<datafield ind1=" " ind2="0" tag="653">
<subfield code="a">(thesoz)Gestaltung</subfield>
</datafield>
<datafield ind1=" " ind2="0" tag="653">
<subfield code="a">(thesoz)Avantgarde</subfield>
</datafield>
<datafield ind1=" " ind2="0" tag="653">
<subfield code="a">(thesoz)Bundesrepublik Deutschland</subfield>
</datafield>
<datafield ind1=" " ind2="0" tag="653">
<subfield code="a">(thesoz)Kunst</subfield>
</datafield>
<datafield ind1=" " ind2="0" tag="653">
<subfield code="a">(thesoz)Demonstration</subfield>
</datafield>
<datafield ind1=" " ind2="0" tag="653">
<subfield code="a">(thesoz)Denken</subfield>
</datafield>
<datafield ind1=" " ind2="0" tag="653">
<subfield code="a">(thesoz)Frankreich</subfield>
</datafield>
<datafield ind1=" " ind2="0" tag="653">
<subfield code="a">(thesoz)Sprachgebrauch</subfield>
</datafield>
<datafield ind1=" " ind2="0" tag="653">
<subfield code="a">(thesoz)Guerilla</subfield>
</datafield>
<datafield ind1=" " ind2="0" tag="653">
<subfield code="a">(thesoz)Dekonstruktivismus</subfield>
</datafield>
<datafield ind1=" " ind2="0" tag="653">
<subfield code="a">(thesoz)Studentenbewegung</subfield>
</datafield>
<datafield ind1=" " ind2="0" tag="653">
<subfield code="a">(thesoz)Subversion</subfield>
</datafield>
<datafield ind1=" " ind2="0" tag="653">
<subfield code="a">(thesoz)Lefebvre, H.</subfield>
</datafield>
<datafield ind1=" " ind2="0" tag="653">
<subfield code="a">(thesoz)Macht</subfield>
</datafield>
<datafield ind1=" " ind2="0" tag="653">
<subfield code="a">(thesoz)Kritik</subfield>
</datafield>
<datafield ind1=" " ind2="0" tag="653">
<subfield code="a">(thesoz)Bürgertum</subfield>
</datafield>
<datafield ind1=" " ind2=" " tag="653">
<subfield code="a">Spaßguerilla/ Spaßgerilja</subfield>
</datafield>
<datafield ind1=" " ind2=" " tag="850">
<subfield code="a">DE-101a</subfield>
<subfield code="a">DE-101b</subfield>
</datafield>
<datafield ind1="4" ind2="0" tag="856">
<subfield code="u">https://nbn-resolving.org/urn:nbn:de:0168-ssoar-325787</subfield>
<subfield code="x">Resolving-System</subfield>
</datafield>
<datafield ind1=" " ind2="0" tag="856">
<subfield code="u">https://d-nb.info/1191660060/34</subfield>
<subfield code="x">Langzeitarchivierung Nationalbibliothek</subfield>
</datafield>
<datafield ind1="4" ind2=" " tag="856">
<subfield code="q">application/pdf</subfield>
<subfield code="s"> bytes</subfield>
<subfield code="u">http://www.ssoar.info/ssoar/handle/document/32578</subfield>
</datafield>
<datafield ind1="0" ind2=" " tag="883">
<subfield code="8">1\p</subfield>
<subfield code="a">aepgnd</subfield>
<subfield code="c">0,09801</subfield>
<subfield code="d">20190729</subfield>
<subfield code="q">DE-101</subfield>
<subfield code="u">https://d-nb.info/provenance/plan#aepgnd</subfield>
</datafield>
<datafield ind1="0" ind2=" " tag="883">
<subfield code="8">2\p</subfield>
<subfield code="a">aepgnd</subfield>
<subfield code="c">0,04918</subfield>
<subfield code="d">20190729</subfield>
<subfield code="q">DE-101</subfield>
<subfield code="u">https://d-nb.info/provenance/plan#aepgnd</subfield>
</datafield>
<datafield ind1="0" ind2=" " tag="883">
<subfield code="8">3\p</subfield>
<subfield code="a">aepgnd</subfield>
<subfield code="c">0,02443</subfield>
<subfield code="d">20190729</subfield>
<subfield code="q">DE-101</subfield>
<subfield code="u">https://d-nb.info/provenance/plan#aepgnd</subfield>
</datafield>
<datafield ind1="0" ind2=" " tag="883">
<subfield code="8">4\p</subfield>
<subfield code="a">aepkn</subfield>
<subfield code="c">0,87606</subfield>
<subfield code="d">20190729</subfield>
<subfield code="q">DE-101</subfield>
<subfield code="u">https://d-nb.info/provenance/plan#aepkn</subfield>
</datafield>
<datafield ind1="0" ind2=" " tag="883">
<subfield code="8">5\p</subfield>
<subfield code="a">aepsg</subfield>
<subfield code="c">0,98278</subfield>
<subfield code="d">20190729</subfield>
<subfield code="q">DE-101</subfield>
<subfield code="u">https://d-nb.info/provenance/plan#aepsg</subfield>
</datafield>
<datafield ind1="r" ind2=" " tag="925">
<subfield code="a">ro</subfield>
<subfield code="a">rb</subfield>
</datafield>
<datafield ind1=" " ind2=" " tag="927">
<subfield code="a">59572244</subfield>
</datafield>
</record>