<record type="Bibliographic" xmlns="http://www.loc.gov/MARC21/slim">
<leader>00000nam a2200000uc 4500</leader>
<controlfield tag="001">1197536507</controlfield>
<controlfield tag="003">DE-101</controlfield>
<controlfield tag="005">20191021233110.0</controlfield>
<controlfield tag="007">cr||||||||||||</controlfield>
<controlfield tag="008">191021s2005    gw |||||o|||| 00||||ger  </controlfield>
<datafield ind1=" " ind2=" " tag="015">
<subfield code="a">19,O11</subfield>
<subfield code="2">dnb</subfield>
</datafield>
<datafield ind1="7" ind2=" " tag="016">
<subfield code="2">DE-101</subfield>
<subfield code="a">1197536507</subfield>
</datafield>
<datafield ind1="7" ind2=" " tag="024">
<subfield code="a">10.6094/UNIFR/150871</subfield>
<subfield code="2">doi</subfield>
</datafield>
<datafield ind1="7" ind2=" " tag="024">
<subfield code="2">urn</subfield>
<subfield code="a">urn:nbn:de:bsz:25-freidok-1508718</subfield>
</datafield>
<datafield ind1=" " ind2=" " tag="035">
<subfield code="a">(DE-599)DNB1197536507</subfield>
</datafield>
<datafield ind1=" " ind2=" " tag="035">
<subfield code="a">(OCoLC)1176145212</subfield>
</datafield>
<datafield ind1=" " ind2=" " tag="040">
<subfield code="a">1240</subfield>
<subfield code="b">ger</subfield>
<subfield code="c">DE-101</subfield>
<subfield code="d">9999</subfield>
<subfield code="e">rda</subfield>
</datafield>
<datafield ind1=" " ind2=" " tag="041">
<subfield code="a">ger</subfield>
</datafield>
<datafield ind1=" " ind2=" " tag="044">
<subfield code="c">XA-DE-BW</subfield>
</datafield>
<datafield ind1="7" ind2="4" tag="082">
<subfield code="8">1\p</subfield>
<subfield code="a">830</subfield>
<subfield code="q">DE-101</subfield>
<subfield code="2">23sdnb</subfield>
</datafield>
<datafield ind1="1" ind2=" " tag="100">
<subfield code="0">(DE-588)12180741X</subfield>
<subfield code="0">https://d-nb.info/gnd/12180741X</subfield>
<subfield code="0">(DE-101)12180741X</subfield>
<subfield code="a">Herrmann, Hans Peter</subfield>
<subfield code="d">1929-</subfield>
<subfield code="e">Verfasser</subfield>
<subfield code="4">aut</subfield>
<subfield code="2">gnd</subfield>
</datafield>
<datafield ind1="1" ind2="0" tag="245">
<subfield code="a">Die Widersprüche waren die Hoffnung</subfield>
<subfield code="b">: eine Geschichte der Reformen am Institut für Neuere deutsche Literaturgeschichte der Universität Freiburg im Breisgau 1956 bis 1977</subfield>
</datafield>
<datafield ind1=" " ind2="1" tag="264">
<subfield code="a">Freiburg</subfield>
<subfield code="b">Universität</subfield>
<subfield code="c">2019</subfield>
</datafield>
<datafield ind1=" " ind2=" " tag="300">
<subfield code="a">Online-Ressource</subfield>
</datafield>
<datafield ind1=" " ind2=" " tag="336">
<subfield code="a">Text</subfield>
<subfield code="b">txt</subfield>
<subfield code="2">rdacontent</subfield>
</datafield>
<datafield ind1=" " ind2=" " tag="337">
<subfield code="a">Computermedien</subfield>
<subfield code="b">c</subfield>
<subfield code="2">rdamedia</subfield>
</datafield>
<datafield ind1=" " ind2=" " tag="338">
<subfield code="a">Online-Ressource</subfield>
<subfield code="b">cr</subfield>
<subfield code="2">rdacarrier</subfield>
</datafield>
<datafield ind1=" " ind2=" " tag="500">
<subfield code="a">Innovation und Modernisierung : Germanistik von 1965 bis 1980. - Heidelberg : Klaus-Michael Bogdal und Oliver Müller (Hrsg.), 2005. - 67-108, ISBN: 3-935025-74-2</subfield>
</datafield>
<datafield ind1=" " ind2=" " tag="520">
<subfield code="a">Abstract: Der Artikel ist frei verfügbar; anstelle eines Abstract wird hier zunächst der Anfang wiedergegeben: &lt;br&gt;&lt;br&gt;Im Rückblick über eine Institution zu berichten, an der man selber lange tätig war, ist schwierig, zumal dann, wenn es dabei auch um die Jahre der sogenannten „Studentenbewegung“ geht. Abwehr oder Heroisierungen färben noch immer viele Erinnerungen der damals Beteiligten; auch die Tagung, auf der dieser Sammelband beruht, war m. E. nicht frei von Nostalgien. Da scheint es nützlich, meinem Text einige Bemerkungen voranzustellen.&lt;br&gt;&lt;br&gt;- Dies ist ein Aufsatz zur Neugermanistik in Freiburg. Altgermanistik und Linguistik haben ihre eigene, interessante Geschichte.&lt;br&gt;&lt;br&gt;- Ich werde meine Geschichte des Institutes erzählen, an dem ich seit 1951 studiert habe, seit 1957 Assistent war und ab 1967 Dozent – mit kurzen Unterbrechungen bis zu meiner Pensionierung 1994. Ich werde dabei die erste Person Singular nicht vermeiden, wenn es mir angemessen scheint, und werde vom Reformflügel, in dem ich gearbeitet habe, ausführlicher berichten als von anderen Gegenden des Instituts. Es ist eine Geschichte aus einer kontroversen Zeit; wenn dabei mehr herauskommen soll als eine Aufreihung von Fakten, müssen m. E. Motive und Wertungen von Beteiligten sichtbar werden, und das geht nur, wenn die Perspektive, aus der erzählt wird, erkennbar ist.  – Andere würden diese Geschichte anders erzählen.&lt;br&gt;&lt;br&gt;- Ich werde über das Freiburger Institut berichten, nicht über die literaturwissenschaftliche Forschung in Freiburg. Die Darstellungen dessen, was von Freiburger Germanisten in Büchern und Artikeln veröffentlicht wurde, wäre ein Thema für sich, nur im Rahmen einer größeren Forschungsgeschichte abzuhandeln; dabei würde gerade aus dem Blick geraten, was mir im Hinblick auf die dargestellte Zeit und im Hinblick auf meine Arbeit an diesem Institut besonders wichtig scheint: Lehre, Kanon und Institutsstrukturen.&lt;br&gt;&lt;br&gt;- Ich habe mich um konkrete Anschauung  bemüht, auch wenn dadurch dieser Text nicht kürzer geworden ist. Wie es im allgemeinen in der Neueren deutschen Literaturwissenschaft in diesen Jahrzehnten zuging, ist ungefähr bekannt; Neues lässt sich nur in der genauen Auseinandersetzung mit Besonderem gewinnen, und nur dort können wir unsere heutigen Meinungen über die damaligen Konflikte kontrollieren. Konstruktion aus heutigen Perspektiven ist auch dieser Rekonstruktionsversuch allemal.&lt;br&gt;&lt;br&gt;- Ich werde über den im Titel angegebenen Zeitraum der eigentlichen Reformbemühungen am Freiburger Institut hinausgreifen, wo es mir notwendig erscheint. Und ich werde dabei die Freiburger Situation der 50er und frühen 60er Jahre verhältnismäßig ausführlich darstellen. Wir wissen inzwischen einiges über die Wurzeln späterer Innovationen in den 50er Jahren (dazu im einzelnen weiter unten). Umso mehr bleibt zu fragen, warum aus diesen Anfängen keine kontinuierliche Entwicklung hervorgegangen ist, warum und in welcher Hinsicht die alten Strukturen der Germanistik derart zäh und veränderungsresistent waren, dass erst nach den heftigen, z.T. gewaltsamen Erschütterungen der ‚Revolte‘ von 1968 wirklich Neues zum Durchbruch kam. Um etwas Material für eine Antwort beizubringen, schien es mir sinnvoll, der Zeit vor 1968 am Freiburger Institut genügend Platz einzuräumen, zumal dieser Bericht über die Situation an einer ‚alten‘ Universität für ein Forschungsprojekt geschrieben wurde, das sich ansonsten auf Neugründungen der 60er Jahre konzentriert</subfield>
</datafield>
<datafield ind1=" " ind2=" " tag="540">
<subfield code="f">cc_by</subfield>
<subfield code="2">cc</subfield>
</datafield>
<datafield ind1="1" ind2=" " tag="583">
<subfield code="a">Archivierung/Langzeitarchivierung gewährleistet</subfield>
<subfield code="5">DE-101</subfield>
<subfield code="2">pdager</subfield>
</datafield>
<datafield ind1=" " ind2="7" tag="650">
<subfield code="0">(DE-588)4020383-9</subfield>
<subfield code="0">https://d-nb.info/gnd/4020383-9</subfield>
<subfield code="0">(DE-101)040203832</subfield>
<subfield code="a">Germanistik</subfield>
<subfield code="2">gnd</subfield>
</datafield>
<datafield ind1=" " ind2="7" tag="650">
<subfield code="0">(DE-588)4189802-3</subfield>
<subfield code="0">https://d-nb.info/gnd/4189802-3</subfield>
<subfield code="0">(DE-101)041898028</subfield>
<subfield code="a">Widerspruch</subfield>
<subfield code="2">gnd</subfield>
</datafield>
<datafield ind1=" " ind2="7" tag="650">
<subfield code="0">(DE-588)4025493-8</subfield>
<subfield code="0">https://d-nb.info/gnd/4025493-8</subfield>
<subfield code="0">(DE-101)040254933</subfield>
<subfield code="a">Hoffnung</subfield>
<subfield code="2">gnd</subfield>
</datafield>
<datafield ind1=" " ind2="7" tag="650">
<subfield code="0">(DE-588)4025255-3</subfield>
<subfield code="0">https://d-nb.info/gnd/4025255-3</subfield>
<subfield code="0">(DE-101)040252558</subfield>
<subfield code="a">Hochschulreform</subfield>
<subfield code="2">gnd</subfield>
</datafield>
<datafield ind1=" " ind2="7" tag="650">
<subfield code="0">(DE-588)4061778-6</subfield>
<subfield code="0">https://d-nb.info/gnd/4061778-6</subfield>
<subfield code="0">(DE-101)040617785</subfield>
<subfield code="a">Universität</subfield>
<subfield code="2">gnd</subfield>
</datafield>
<datafield ind1=" " ind2="6" tag="653">
<subfield code="a">(local)bookPart</subfield>
</datafield>
<datafield ind1=" " ind2=" " tag="850">
<subfield code="a">DE-101a</subfield>
<subfield code="a">DE-101b</subfield>
</datafield>
<datafield ind1="4" ind2="0" tag="856">
<subfield code="u">https://doi.org/10.6094/UNIFR/150871</subfield>
<subfield code="x">Resolving-System</subfield>
</datafield>
<datafield ind1="4" ind2="0" tag="856">
<subfield code="u">https://nbn-resolving.org/urn:nbn:de:bsz:25-freidok-1508718</subfield>
<subfield code="x">Resolving-System</subfield>
</datafield>
<datafield ind1=" " ind2="0" tag="856">
<subfield code="u">https://d-nb.info/1197536507/34</subfield>
<subfield code="x">Langzeitarchivierung Nationalbibliothek</subfield>
</datafield>
<datafield ind1="4" ind2=" " tag="856">
<subfield code="q">application/pdf</subfield>
<subfield code="u">https://freidok.uni-freiburg.de/data/150871</subfield>
<subfield code="z">kostenfrei</subfield>
</datafield>
<datafield ind1="1" ind2=" " tag="883">
<subfield code="8">1\p</subfield>
<subfield code="a">npi</subfield>
<subfield code="d">20211004</subfield>
<subfield code="q">DE-101</subfield>
<subfield code="u">https://d-nb.info/provenance/plan#npi</subfield>
</datafield>
<datafield ind1="r" ind2=" " tag="925">
<subfield code="a">ro</subfield>
<subfield code="a">rb</subfield>
</datafield>
<datafield ind1=" " ind2=" " tag="927">
<subfield code="a">28966953</subfield>
</datafield>
</record>