<record type="Bibliographic" xmlns="http://www.loc.gov/MARC21/slim">
<leader>00000nam a2200000uc 4500</leader>
<controlfield tag="001">1192019202</controlfield>
<controlfield tag="003">DE-101</controlfield>
<controlfield tag="005">20251008190339.0</controlfield>
<controlfield tag="007">cr||||||||||||</controlfield>
<controlfield tag="008">190802s2003    gw |||||o|||| 00||||ger  </controlfield>
<datafield ind1=" " ind2=" " tag="015">
<subfield code="a">19,O09</subfield>
<subfield code="2">dnb</subfield>
</datafield>
<datafield ind1="7" ind2=" " tag="016">
<subfield code="2">DE-101</subfield>
<subfield code="a">1192019202</subfield>
</datafield>
<datafield ind1="7" ind2=" " tag="024">
<subfield code="2">urn</subfield>
<subfield code="a">urn:nbn:de:0168-ssoar-111584</subfield>
</datafield>
<datafield ind1="8" ind2=" " tag="024">
<subfield code="a">oai:gesis.izsoz.de:document/11158</subfield>
</datafield>
<datafield ind1=" " ind2=" " tag="035">
<subfield code="a">(DE-599)DNB1192019202</subfield>
</datafield>
<datafield ind1=" " ind2=" " tag="040">
<subfield code="a">1240</subfield>
<subfield code="b">ger</subfield>
<subfield code="c">DE-101</subfield>
<subfield code="d">1150</subfield>
</datafield>
<datafield ind1=" " ind2=" " tag="041">
<subfield code="a">ger</subfield>
</datafield>
<datafield ind1=" " ind2=" " tag="044">
<subfield code="c">XA-DE-BW</subfield>
</datafield>
<datafield ind1=" " ind2=" " tag="084">
<subfield code="a">320</subfield>
<subfield code="q">DE-101</subfield>
<subfield code="2">sdnb</subfield>
</datafield>
<datafield ind1=" " ind2=" " tag="084">
<subfield code="a">070</subfield>
<subfield code="a">900</subfield>
<subfield code="a">301</subfield>
<subfield code="2">sdnb</subfield>
</datafield>
<datafield ind1="1" ind2=" " tag="100">
<subfield code="0">(DE-588)128462582</subfield>
<subfield code="0">https://d-nb.info/gnd/128462582</subfield>
<subfield code="0">(DE-101)128462582</subfield>
<subfield code="a">Verheyen, Nina</subfield>
<subfield code="d">1975-</subfield>
<subfield code="e">Verfasser</subfield>
<subfield code="4">aut</subfield>
<subfield code="2">gnd</subfield>
</datafield>
<datafield ind1="1" ind2="0" tag="245">
<subfield code="a">Diskutieren in der frühen Bundesrepublik: zur Kulturgeschichte des "besseren Arguments" zwischen Re-education und Studentenbewegung</subfield>
</datafield>
<datafield ind1="3" ind2=" " tag="246">
<subfield code="a">Discussion in the former federal republic: cultural history of the "better argument" between re-education and the student movement</subfield>
</datafield>
<datafield ind1=" " ind2="1" tag="264">
<subfield code="a">Berlin</subfield>
<subfield code="c">2003</subfield>
</datafield>
<datafield ind1=" " ind2=" " tag="300">
<subfield code="a">Online-Ressource, 22 S.</subfield>
</datafield>
<datafield ind1=" " ind2=" " tag="336">
<subfield code="a">Text</subfield>
<subfield code="b">txt</subfield>
<subfield code="2">rdacontent</subfield>
</datafield>
<datafield ind1=" " ind2=" " tag="337">
<subfield code="a">Computermedien</subfield>
<subfield code="b">c</subfield>
<subfield code="2">rdamedia</subfield>
</datafield>
<datafield ind1=" " ind2=" " tag="338">
<subfield code="a">Online-Ressource</subfield>
<subfield code="b">cr</subfield>
<subfield code="2">rdacarrier</subfield>
</datafield>
<datafield ind1="1" ind2=" " tag="490">
<subfield code="a">Discussion Papers / Wissenschaftszentrum Berlin für Sozialforschung, Forschungsschwerpunkt Zivilgesellschaft, Konflikte und Demokratie, Arbeitsgruppe Zivilgesellschaft: historisch-sozialwissenschaftliche Perspektiven</subfield>
<subfield code="v">Bd. 2003-504</subfield>
</datafield>
<datafield ind1=" " ind2=" " tag="500">
<subfield code="a">Veröffentlichungsversion</subfield>
</datafield>
<datafield ind1=" " ind2=" " tag="506">
<subfield code="a">Open Access unbekannt</subfield>
<subfield code="f">Restrictions unspecified</subfield>
<subfield code="2">star</subfield>
</datafield>
<datafield ind1="0" ind2=" " tag="506">
<subfield code="a">Open Access</subfield>
<subfield code="f">Unrestricted online access</subfield>
<subfield code="u">http://purl.org/coar/access_right/c_abf2</subfield>
<subfield code="2">star</subfield>
</datafield>
<datafield ind1=" " ind2=" " tag="520">
<subfield code="a">Abstract: "Das Paper untersucht die frühe Bundesrepublik in kommunikationsgeschichtlicher Perspektive und historisiert Annahmen über dialogisch-rationale Kommunikation, die dem Konzept der Zivilgesellschaft als normative Prämisse eingeschrieben sind. Ausgehend von der westdeutschen Studentenbewegung der sechziger Jahre wird argumentiert, dass das alltägliche Vertrauen in die Gesprächsform 'Diskussion' als vermeintlich dialogisch-rationaler Handlungsmodus historisch variabel ist und sich die Praxis alltäglichen 'Diskutierens' im Spannungsfeld von überhöhten Erwartungen an und ernüchternden Erfahrungen mit Kommunikation verändert hat. Vermutet wird, dass regelgestützte Diskussionen (z.B. Podiums, Fernseh- und Kommunediskussionen) von den vierziger bis in die siebziger Jahre in der westdeutschen Gesellschaft insgesamt eine sukzessive Aufwertung und Institutionalisierung erfuhren. Dieser Prozess war von Brüchen, Gegenläufigkeiten und Ambivalenzen gekennzeichnet. Er wurde eventuell in der Nachkri</subfield>
</datafield>
<datafield ind1=" " ind2=" " tag="540">
<subfield code="a">Deposit Licence - Keine Weiterverbreitung, keine Bearbeitung</subfield>
<subfield code="u">https://www.gesis.org/en/ssoar/home/information/grant-of-licences</subfield>
</datafield>
<datafield ind1="1" ind2=" " tag="583">
<subfield code="a">Archivierung/Langzeitarchivierung gewährleistet</subfield>
<subfield code="5">DE-101</subfield>
<subfield code="2">pdager</subfield>
</datafield>
<datafield ind1=" " ind2="7" tag="650">
<subfield code="8">1\p</subfield>
<subfield code="0">(DE-588)4058171-8</subfield>
<subfield code="0">https://d-nb.info/gnd/4058171-8</subfield>
<subfield code="0">(DE-101)040581713</subfield>
<subfield code="a">Studentenbewegung</subfield>
<subfield code="2">gnd</subfield>
</datafield>
<datafield ind1=" " ind2="7" tag="650">
<subfield code="8">2\p</subfield>
<subfield code="0">(DE-588)4125698-0</subfield>
<subfield code="0">https://d-nb.info/gnd/4125698-0</subfield>
<subfield code="0">(DE-101)041256980</subfield>
<subfield code="a">Kultur</subfield>
<subfield code="2">gnd</subfield>
</datafield>
<datafield ind1=" " ind2="7" tag="650">
<subfield code="8">3\p</subfield>
<subfield code="0">(DE-588)7668631-0</subfield>
<subfield code="0">https://d-nb.info/gnd/7668631-0</subfield>
<subfield code="0">(DE-101)995800995</subfield>
<subfield code="a">Zivilgesellschaft</subfield>
<subfield code="2">gnd</subfield>
</datafield>
<datafield ind1=" " ind2="7" tag="651">
<subfield code="8">4\p</subfield>
<subfield code="0">(DE-588)4011882-4</subfield>
<subfield code="0">https://d-nb.info/gnd/4011882-4</subfield>
<subfield code="0">(DE-101)040118827</subfield>
<subfield code="a">Deutschland</subfield>
<subfield code="2">gnd</subfield>
</datafield>
<datafield ind1=" " ind2="7" tag="651">
<subfield code="8">5\p</subfield>
<subfield code="0">(DE-588)4058282-6</subfield>
<subfield code="0">https://d-nb.info/gnd/4058282-6</subfield>
<subfield code="0">(DE-101)040582825</subfield>
<subfield code="a">Stuttgart</subfield>
<subfield code="2">gnd</subfield>
</datafield>
<datafield ind1=" " ind2="0" tag="653">
<subfield code="a">(thesoz)Bundesrepublik Deutschland</subfield>
</datafield>
<datafield ind1=" " ind2="0" tag="653">
<subfield code="a">(thesoz)historische Entwicklung</subfield>
</datafield>
<datafield ind1=" " ind2="0" tag="653">
<subfield code="a">(thesoz)Dialog</subfield>
</datafield>
<datafield ind1=" " ind2="0" tag="653">
<subfield code="a">(thesoz)Begriff</subfield>
</datafield>
<datafield ind1=" " ind2="0" tag="653">
<subfield code="a">(thesoz)Gesellschaft</subfield>
</datafield>
<datafield ind1=" " ind2="0" tag="653">
<subfield code="a">(thesoz)Kommunikation</subfield>
</datafield>
<datafield ind1=" " ind2="0" tag="653">
<subfield code="a">(thesoz)Entwicklung</subfield>
</datafield>
<datafield ind1=" " ind2="0" tag="653">
<subfield code="a">(thesoz)soziokulturelle Entwicklung</subfield>
</datafield>
<datafield ind1=" " ind2="0" tag="653">
<subfield code="a">(thesoz)Bedeutung</subfield>
</datafield>
<datafield ind1=" " ind2="0" tag="653">
<subfield code="a">(thesoz)Diskussion</subfield>
</datafield>
<datafield ind1=" " ind2="0" tag="653">
<subfield code="a">(thesoz)politischer Wandel</subfield>
</datafield>
<datafield ind1=" " ind2="0" tag="653">
<subfield code="a">(thesoz)interpersonelle Kommunikation</subfield>
</datafield>
<datafield ind1=" " ind2="0" tag="653">
<subfield code="a">(thesoz)Studentenbewegung</subfield>
</datafield>
<datafield ind1=" " ind2="0" tag="653">
<subfield code="a">(thesoz)Zivilgesellschaft</subfield>
</datafield>
<datafield ind1=" " ind2="0" tag="653">
<subfield code="a">(thesoz)Institutionalisierung</subfield>
</datafield>
<datafield ind1=" " ind2="0" tag="653">
<subfield code="a">(thesoz)Argumentation</subfield>
</datafield>
<datafield ind1="2" ind2=" " tag="710">
<subfield code="a">Wissenschaftszentrum Berlin für Sozialforschung gGmbH</subfield>
<subfield code="e">Herausgeber</subfield>
<subfield code="4">edt</subfield>
</datafield>
<datafield ind1="0" ind2="8" tag="776">
<subfield code="i">Erscheint auch als</subfield>
<subfield code="n">Druck-Ausgabe</subfield>
<subfield code="a">Verheyen, Nina, 1975-</subfield>
<subfield code="t">Diskutieren in der frühen Bundesrepublik</subfield>
<subfield code="d">Berlin : WZB, 2003</subfield>
<subfield code="h">22 S.</subfield>
<subfield code="w">(DE-101)969209703</subfield>
</datafield>
<datafield ind1=" " ind2="0" tag="830">
<subfield code="a">Discussion Papers / Wissenschaftszentrum Berlin für Sozialforschung, Forschungsschwerpunkt Zivilgesellschaft, Konflikte und Demokratie, Arbeitsgruppe Zivilgesellschaft: historisch-sozialwissenschaftliche Perspektiven</subfield>
<subfield code="v">Bd. 2003-504</subfield>
</datafield>
<datafield ind1=" " ind2=" " tag="850">
<subfield code="a">DE-101a</subfield>
<subfield code="a">DE-101b</subfield>
</datafield>
<datafield ind1="4" ind2="0" tag="856">
<subfield code="u">https://nbn-resolving.org/urn:nbn:de:0168-ssoar-111584</subfield>
<subfield code="x">Resolving-System</subfield>
</datafield>
<datafield ind1=" " ind2="0" tag="856">
<subfield code="u">https://d-nb.info/1192019202/34</subfield>
<subfield code="x">Langzeitarchivierung Nationalbibliothek</subfield>
</datafield>
<datafield ind1="4" ind2=" " tag="856">
<subfield code="q">application/pdf</subfield>
<subfield code="s"> bytes</subfield>
<subfield code="u">http://www.ssoar.info/ssoar/handle/document/11158</subfield>
</datafield>
<datafield ind1="0" ind2=" " tag="883">
<subfield code="8">1\p</subfield>
<subfield code="a">aepgnd</subfield>
<subfield code="c">0,17061</subfield>
<subfield code="d">20190803</subfield>
<subfield code="q">DE-101</subfield>
<subfield code="u">https://d-nb.info/provenance/plan#aepgnd</subfield>
</datafield>
<datafield ind1="0" ind2=" " tag="883">
<subfield code="8">2\p</subfield>
<subfield code="a">aepgnd</subfield>
<subfield code="c">0,08690</subfield>
<subfield code="d">20190803</subfield>
<subfield code="q">DE-101</subfield>
<subfield code="u">https://d-nb.info/provenance/plan#aepgnd</subfield>
</datafield>
<datafield ind1="0" ind2=" " tag="883">
<subfield code="8">3\p</subfield>
<subfield code="a">aepgnd</subfield>
<subfield code="c">0,06602</subfield>
<subfield code="d">20190803</subfield>
<subfield code="q">DE-101</subfield>
<subfield code="u">https://d-nb.info/provenance/plan#aepgnd</subfield>
</datafield>
<datafield ind1="0" ind2=" " tag="883">
<subfield code="8">4\p</subfield>
<subfield code="a">aepgnd</subfield>
<subfield code="c">0,02721</subfield>
<subfield code="d">20190803</subfield>
<subfield code="q">DE-101</subfield>
<subfield code="u">https://d-nb.info/provenance/plan#aepgnd</subfield>
</datafield>
<datafield ind1="0" ind2=" " tag="883">
<subfield code="8">5\p</subfield>
<subfield code="a">aepgnd</subfield>
<subfield code="c">0,01055</subfield>
<subfield code="d">20190803</subfield>
<subfield code="q">DE-101</subfield>
<subfield code="u">https://d-nb.info/provenance/plan#aepgnd</subfield>
</datafield>
<datafield ind1="r" ind2=" " tag="925">
<subfield code="a">ro</subfield>
<subfield code="a">rb</subfield>
</datafield>
<datafield ind1=" " ind2=" " tag="927">
<subfield code="a">59572244</subfield>
</datafield>
</record>