<record type="Bibliographic" xmlns="http://www.loc.gov/MARC21/slim">
<leader>00000nam a2200000uc 4500</leader>
<controlfield tag="001">1198109599</controlfield>
<controlfield tag="003">DE-101</controlfield>
<controlfield tag="005">20191028233101.0</controlfield>
<controlfield tag="007">cr||||||||||||</controlfield>
<controlfield tag="008">191028s1989    gw |||||o|||| 00||||ger  </controlfield>
<datafield ind1=" " ind2=" " tag="015">
<subfield code="a">19,O11</subfield>
<subfield code="2">dnb</subfield>
</datafield>
<datafield ind1="7" ind2=" " tag="016">
<subfield code="2">DE-101</subfield>
<subfield code="a">1198109599</subfield>
</datafield>
<datafield ind1="7" ind2=" " tag="024">
<subfield code="a">10.6094/UNIFR/150796</subfield>
<subfield code="2">doi</subfield>
</datafield>
<datafield ind1="7" ind2=" " tag="024">
<subfield code="2">urn</subfield>
<subfield code="a">urn:nbn:de:bsz:25-freidok-1507966</subfield>
</datafield>
<datafield ind1=" " ind2=" " tag="035">
<subfield code="a">(DE-599)DNB1198109599</subfield>
</datafield>
<datafield ind1=" " ind2=" " tag="035">
<subfield code="a">(OCoLC)1197349104</subfield>
</datafield>
<datafield ind1=" " ind2=" " tag="040">
<subfield code="a">1240</subfield>
<subfield code="b">ger</subfield>
<subfield code="c">DE-101</subfield>
<subfield code="d">9999</subfield>
<subfield code="e">rda</subfield>
</datafield>
<datafield ind1=" " ind2=" " tag="041">
<subfield code="a">ger</subfield>
</datafield>
<datafield ind1=" " ind2=" " tag="044">
<subfield code="c">XA-DE-BW</subfield>
</datafield>
<datafield ind1="7" ind2="4" tag="082">
<subfield code="8">2\p</subfield>
<subfield code="a">370</subfield>
<subfield code="q">DE-101</subfield>
<subfield code="2">23sdnb</subfield>
</datafield>
<datafield ind1="1" ind2=" " tag="100">
<subfield code="0">(DE-588)12180741X</subfield>
<subfield code="0">https://d-nb.info/gnd/12180741X</subfield>
<subfield code="0">(DE-101)12180741X</subfield>
<subfield code="a">Herrmann, Hans Peter</subfield>
<subfield code="d">1929-</subfield>
<subfield code="e">Verfasser</subfield>
<subfield code="4">aut</subfield>
<subfield code="2">gnd</subfield>
</datafield>
<datafield ind1="1" ind2="0" tag="245">
<subfield code="a">Abschaffung der Geisteswissenschaften? Standortbestimmung im aktuellen Streit zwischen Politik und Hochschulen</subfield>
</datafield>
<datafield ind1=" " ind2="1" tag="264">
<subfield code="a">Freiburg</subfield>
<subfield code="b">Universität</subfield>
<subfield code="c">2019</subfield>
</datafield>
<datafield ind1=" " ind2=" " tag="300">
<subfield code="a">Online-Ressource</subfield>
</datafield>
<datafield ind1=" " ind2=" " tag="336">
<subfield code="a">Text</subfield>
<subfield code="b">txt</subfield>
<subfield code="2">rdacontent</subfield>
</datafield>
<datafield ind1=" " ind2=" " tag="337">
<subfield code="a">Computermedien</subfield>
<subfield code="b">c</subfield>
<subfield code="2">rdamedia</subfield>
</datafield>
<datafield ind1=" " ind2=" " tag="338">
<subfield code="a">Online-Ressource</subfield>
<subfield code="b">cr</subfield>
<subfield code="2">rdacarrier</subfield>
</datafield>
<datafield ind1=" " ind2=" " tag="500">
<subfield code="a">Wozu noch Germanistik? Wissenschaft - Beruf - Kulturelle Praxis. - Stuttgart : Jürgen Förster, Eva Neuland, Gerhard Rupp (Hrsg.), 1989. - 50-67, ISBN: 978-3-476-00653-0</subfield>
</datafield>
<datafield ind1=" " ind2=" " tag="520">
<subfield code="a">Abstract: Der Artikel ist frei verfügbar; anstelle eines Abstract wird hier zunächst der Anfang wiedergegeben:&lt;br&gt; &lt;br&gt;Den Geisteswissenschaften geht es zur Zeit nicht sehr gut. In den staatlichen Schrumpfungsprogrammen, die den Universitäten in den letzten Jahren verordnet wurden – wie in Baden-Württemberg – oder die ihnen derzeit bevorstehen – wie in Nordrhein-Westfahlen -, sind es vor allem die geisteswissenschaftlichen Fächer, die Personalstellen und Sachmittel abgeben müssen – und das, obwohl der dramatische Rückgang der Studentenzahlen in den Geisteswissenschaften seit Jahren immer vorausgesagt, aber bisher nicht eingetreten ist. [1] In der Forschungspolitik des Bundes und der Länder werden Naturwissenschaften und Technologiefächer gepäppelt, und der Ministerpräsident von Baden-Württemberg, gern mit der Nase weit vorn, hat die Geisteswissenschaften erst als überflüssige „Diskussionswissenschaften“ verächtlich gemacht und ihnen dann, nach Protesten, die dienende Rolle von „Akzeptanzwissenschaften“ zugewiesen. [2]&lt;br&gt;&lt;br&gt;Eine solche Reproduktion und Diskriminierung trifft die deutschen Geisteswissenschaften in einer schwierigen Situation. Die Studentenlawine der 60er-Jahre, die Wechselbäder staatlicher Kulturpolitik (erst massive Aufschwemmung des Lehrkörpers, dann gewaltsame Kürzungen), eine von außen aufgezwungene Hochschulreform mit großen innerbetrieblichen Reibungen und forschungsfremden Belastungen, die Irritation der Studentenrevolte, die nur in wenigen Fächern als produktive Herausforderung begriffen wurde – all‘ diese Heimsuchungen haben die Geisteswissenschaften zwar nachhaltig auf die Notwendigkeit gestoßen, ihre Aufgabe in der Gegenwartsgesellschaft neu zu überdenken, aber sie haben diese Neubesinnung zugleich auch erheblich behindert durch die Abwehrreflexe, die sie hervorriefen, durch Überlastung, Betriebsamkeit und Isolierung des Einzelnen.&lt;br&gt;&lt;br&gt;Dabei sind die Turbulenzen der jüngeren Vergangenheit nur Folge und Teil eines weiter zurückreichenden Prozesses. Die Geisteswissenschaften hatten ihre große Blüte im 19. Jahrhundert als zentrale Bildungsinstanz des deutschen Bürgertums, dessen Bedürfnis nach geschichtlicher Selbstversicherung, nach Leitbildern und nach Kompensation in einer wachsend bedrohlicher werdenden Gegenwart sie befriedigten. Von dieser Zeit trennen uns Welten. Zwei Weltkriege, der Nationalsozialismus und die Entwicklungen vom bürgerlichen Nationalstaat zur parlamentarisch verfaßten Industriegesellschaft haben die auf „Besitz und Bildung“ gegründete Selbstsicherheit des Bürgertums nachhaltig erschüttert und die Geisteswissenschaften mit ihrer klassenspezifischen Verwurzelung zugleich ihrer unmittelbaren sozialen Funktionen beraubt.&lt;br&gt;&lt;br&gt;Nach 1945 haben die Geisteswissenschaften auf diese Situation mit großer Verunsicherung, in unserem Fach Literaturwissenschaft erst einmal mit krampfhaften Restaurationsbemühungen geantwortet. Die Studentenbewegung hat dann von 1965 bis in die 70er-Jahre eine intensive Diskussion über den Sinn geisteswissenschaftlicher Tätigkeit in der heutigen Welt erzwungen. Seither ist Erschlaffung eingetreten. Derzeit gibt es in den Geisteswissenschaften keinen öffentlichen Diskussionszusammenhang über die erkenntnistheoretischen und gesellschafsphilosophischen Probleme ihrer Fächer. Eine Tagung der westdeutschen Rektorenkonferenz von 1985 zum Thema „Anspruch und Herausforderung der Geisteswissenschaften“ ist ohne großes Echo geblieben [3] und wenn mein Eindruck richtig ist, dann spielt in den Veröffentlichungen meiner Kollegen und im Alltag der universitären Lehrpraxis die Frage: „Was heißt und zu welchem Ende studieren wir Geistesgeschichte?“ keine große Rolle. Der „Historikerstreit“, in dem diese Frage zumindest mitdiskutiert wurde, ist da eher eine Ausnahme.&lt;br&gt;&lt;br&gt;Ich halte diese Sprachlosigkeit der Universität für falsch. Sie ist töricht gegenüber der politischen Öffentlichkeit, die ein Recht hat, von uns zu erfahren, wofür sie uns bezahlt, und sie ist verantwortungslos gegenüber unseren Studenten, die wir in ihrer, durch berufliche Perspektivlosigkeit ohnehin ratlosen Situation allein lassen mit der Frage nach dem Sinn und dem gesellschaftlichen Ort ihres Studiums. Die gegenwärtigen Versuche, Umverteilungen in der Universität und im Bildungsbereich durchzusetzen, sind offensichtlich Bestandteile eines größeren, gesamtgesellschaftlichen Prozess der Krise, des Umbaus und der Neuformierung auf vielen wirtschaftlichen, sozialen und kulturellen Feldern. [4] Die Geisteswissenschaften aber lassen diese Entwicklung mit gelähmter Zunge über sich ergehen. Die Auseinandersetzungen über „Postmoderne“ und „Poststrukturalismus“ sind kein Ersatz für eine offene Diskussion.&lt;br&gt;&lt;br&gt;Ich möchte deshalb der Wiederaufnahme der Diskussion provozieren, indem ich in großer Vereinfachung die drei Funktionsbestimmungen geisteswissenschaftlicher Tätigkeit verführe, die in den zwei Jahrhunderten ihrer bisherigen Geschichte formuliert wurden. Ich nehme dabei bewußt meinen Ausgangspunkt nicht bei der traditionellen Entgegensetzung der Geisteswissenschaft gegen die Naturwissenschaft, sondern werde erst am Ende auf diese Entgegensetzung zu sprechen kommen und ihr ihre begrenzte Stelle zuweisen. Ich werde erstens handeln von der traditionellen Selbstbestimmung der Geisteswissenschaften als Kompensation; ich werde zweitens über ein Gegenkonzept aus den Reihen der Geisteswissenschaften selbst berichten: Geisteswissenschaft als Mitwirkung; ich werde schließlich zu diesem Konzept noch einmal kritisch Stellung nehmen: Geisteswissenschaften als Kritik</subfield>
</datafield>
<datafield ind1=" " ind2=" " tag="540">
<subfield code="f">cc_by</subfield>
<subfield code="2">cc</subfield>
</datafield>
<datafield ind1="1" ind2=" " tag="583">
<subfield code="a">Archivierung/Langzeitarchivierung gewährleistet</subfield>
<subfield code="5">DE-101</subfield>
<subfield code="2">pdager</subfield>
</datafield>
<datafield ind1=" " ind2="7" tag="650">
<subfield code="8">1\p</subfield>
<subfield code="0">(DE-588)4019838-8</subfield>
<subfield code="0">https://d-nb.info/gnd/4019838-8</subfield>
<subfield code="0">(DE-101)040198383</subfield>
<subfield code="a">Geisteswissenschaften</subfield>
<subfield code="2">gnd</subfield>
</datafield>
<datafield ind1=" " ind2="7" tag="650">
<subfield code="0">(DE-588)4020383-9</subfield>
<subfield code="0">https://d-nb.info/gnd/4020383-9</subfield>
<subfield code="0">(DE-101)040203832</subfield>
<subfield code="a">Germanistik</subfield>
<subfield code="2">gnd</subfield>
</datafield>
<datafield ind1=" " ind2="7" tag="650">
<subfield code="0">(DE-588)4113936-7</subfield>
<subfield code="0">https://d-nb.info/gnd/4113936-7</subfield>
<subfield code="0">(DE-101)041139364</subfield>
<subfield code="a">Hochschulpolitik</subfield>
<subfield code="2">gnd</subfield>
</datafield>
<datafield ind1=" " ind2="7" tag="650">
<subfield code="0">(DE-588)4019838-8</subfield>
<subfield code="0">https://d-nb.info/gnd/4019838-8</subfield>
<subfield code="0">(DE-101)040198383</subfield>
<subfield code="a">Geisteswissenschaften</subfield>
<subfield code="2">gnd</subfield>
</datafield>
<datafield ind1=" " ind2="6" tag="653">
<subfield code="a">(local)bookPart</subfield>
</datafield>
<datafield ind1=" " ind2=" " tag="850">
<subfield code="a">DE-101a</subfield>
<subfield code="a">DE-101b</subfield>
</datafield>
<datafield ind1="4" ind2="0" tag="856">
<subfield code="u">https://doi.org/10.6094/UNIFR/150796</subfield>
<subfield code="x">Resolving-System</subfield>
</datafield>
<datafield ind1="4" ind2="0" tag="856">
<subfield code="u">https://nbn-resolving.org/urn:nbn:de:bsz:25-freidok-1507966</subfield>
<subfield code="x">Resolving-System</subfield>
</datafield>
<datafield ind1=" " ind2="0" tag="856">
<subfield code="u">https://d-nb.info/1198109599/34</subfield>
<subfield code="x">Langzeitarchivierung Nationalbibliothek</subfield>
</datafield>
<datafield ind1="4" ind2=" " tag="856">
<subfield code="q">application/pdf</subfield>
<subfield code="u">https://freidok.uni-freiburg.de/data/150796</subfield>
<subfield code="z">kostenfrei</subfield>
</datafield>
<datafield ind1="0" ind2=" " tag="883">
<subfield code="8">1\p</subfield>
<subfield code="a">aepgnd</subfield>
<subfield code="c">0,37916</subfield>
<subfield code="d">20191028</subfield>
<subfield code="q">DE-101</subfield>
<subfield code="u">https://d-nb.info/provenance/plan#aepgnd</subfield>
</datafield>
<datafield ind1="0" ind2=" " tag="883">
<subfield code="8">2\p</subfield>
<subfield code="a">aepsg</subfield>
<subfield code="c">0,98089</subfield>
<subfield code="d">20191028</subfield>
<subfield code="q">DE-101</subfield>
<subfield code="u">https://d-nb.info/provenance/plan#aepsg</subfield>
</datafield>
<datafield ind1="r" ind2=" " tag="925">
<subfield code="a">ro</subfield>
<subfield code="a">rb</subfield>
</datafield>
<datafield ind1=" " ind2=" " tag="927">
<subfield code="a">28966953</subfield>
</datafield>
</record>