<record type="Bibliographic" xmlns="http://www.loc.gov/MARC21/slim">
<leader>00000nam a2200000uc 4500</leader>
<controlfield tag="001">1191657949</controlfield>
<controlfield tag="003">DE-101</controlfield>
<controlfield tag="005">20190729181955.0</controlfield>
<controlfield tag="007">cr||||||||||||</controlfield>
<controlfield tag="008">190728s1987    gw |||||o|||| 00||||ger  </controlfield>
<datafield ind1=" " ind2=" " tag="015">
<subfield code="a">19,O08</subfield>
<subfield code="2">dnb</subfield>
</datafield>
<datafield ind1="7" ind2=" " tag="016">
<subfield code="2">DE-101</subfield>
<subfield code="a">1191657949</subfield>
</datafield>
<datafield ind1="7" ind2=" " tag="024">
<subfield code="2">urn</subfield>
<subfield code="a">urn:nbn:de:0168-ssoar-149644</subfield>
</datafield>
<datafield ind1="8" ind2=" " tag="024">
<subfield code="a">oai:gesis.izsoz.de:document/18023</subfield>
</datafield>
<datafield ind1=" " ind2=" " tag="035">
<subfield code="a">(DE-599)DNB1191657949</subfield>
</datafield>
<datafield ind1=" " ind2=" " tag="035">
<subfield code="a">(OCoLC)1190289064</subfield>
</datafield>
<datafield ind1=" " ind2=" " tag="040">
<subfield code="a">1240</subfield>
<subfield code="b">ger</subfield>
<subfield code="c">DE-101</subfield>
<subfield code="d">9999</subfield>
</datafield>
<datafield ind1=" " ind2=" " tag="041">
<subfield code="a">ger</subfield>
</datafield>
<datafield ind1=" " ind2=" " tag="044">
<subfield code="c">XA-DE-BW</subfield>
</datafield>
<datafield ind1="7" ind2="4" tag="082">
<subfield code="8">3\p</subfield>
<subfield code="a">306.85</subfield>
<subfield code="q">DE-101</subfield>
<subfield code="2">23kdnb</subfield>
</datafield>
<datafield ind1="7" ind2=" " tag="083">
<subfield code="8">4\p</subfield>
<subfield code="a">300</subfield>
<subfield code="q">DE-101</subfield>
<subfield code="2">23sdnb</subfield>
</datafield>
<datafield ind1=" " ind2=" " tag="084">
<subfield code="a">300</subfield>
<subfield code="2">sdnb</subfield>
</datafield>
<datafield ind1="1" ind2=" " tag="100">
<subfield code="a">Modelmog, Ilse</subfield>
<subfield code="e">Verfasser</subfield>
<subfield code="4">aut</subfield>
</datafield>
<datafield ind1="1" ind2="0" tag="245">
<subfield code="a">Zur Funktion der Familie nach 1945 oder: Imaginationen in einer Institution</subfield>
</datafield>
<datafield ind1="3" ind2=" " tag="246">
<subfield code="a">Function of the family after 1945 or: imaginations in an institution</subfield>
</datafield>
<datafield ind1=" " ind2="1" tag="264">
<subfield code="a">Opladen</subfield>
<subfield code="b">Westdt. Verl</subfield>
<subfield code="c">1987</subfield>
</datafield>
<datafield ind1=" " ind2=" " tag="300">
<subfield code="a">Online-Ressource, 98-101 S.</subfield>
</datafield>
<datafield ind1=" " ind2=" " tag="336">
<subfield code="a">Text</subfield>
<subfield code="b">txt</subfield>
<subfield code="2">rdacontent</subfield>
</datafield>
<datafield ind1=" " ind2=" " tag="337">
<subfield code="a">Computermedien</subfield>
<subfield code="b">c</subfield>
<subfield code="2">rdamedia</subfield>
</datafield>
<datafield ind1=" " ind2=" " tag="338">
<subfield code="a">Online-Ressource</subfield>
<subfield code="b">cr</subfield>
<subfield code="2">rdacarrier</subfield>
</datafield>
<datafield ind1="0" ind2=" " tag="490">
<subfield code="a">23. Deutscher Soziologentag 1986: Sektions- und Ad-hoc-Gruppen</subfield>
</datafield>
<datafield ind1=" " ind2=" " tag="500">
<subfield code="a">Veröffentlichungsversion</subfield>
</datafield>
<datafield ind1=" " ind2=" " tag="500">
<subfield code="a">begutachtet</subfield>
</datafield>
<datafield ind1=" " ind2=" " tag="500">
<subfield code="a">In: Friedrichs, Jürgen (Hg.): 23. Deutscher Soziologentag 1986: Sektions- und Ad-hoc-Gruppen. 1987. S. 98-101. ISBN 3-531-11864-1</subfield>
</datafield>
<datafield ind1=" " ind2=" " tag="506">
<subfield code="a">Open Access unbekannt</subfield>
<subfield code="f">Restrictions unspecified</subfield>
<subfield code="2">star</subfield>
</datafield>
<datafield ind1="0" ind2=" " tag="506">
<subfield code="a">Open Access</subfield>
<subfield code="f">Unrestricted online access</subfield>
<subfield code="u">http://purl.org/coar/access_right/c_abf2</subfield>
<subfield code="2">star</subfield>
</datafield>
<datafield ind1=" " ind2=" " tag="540">
<subfield code="a">Deposit Licence - Keine Weiterverbreitung, keine Bearbeitung</subfield>
<subfield code="u">https://www.gesis.org/en/ssoar/home/information/grant-of-licences</subfield>
</datafield>
<datafield ind1="1" ind2=" " tag="583">
<subfield code="a">Archivierung/Langzeitarchivierung gewährleistet</subfield>
<subfield code="5">DE-101</subfield>
<subfield code="2">pdager</subfield>
</datafield>
<datafield ind1=" " ind2="7" tag="650">
<subfield code="8">1\p</subfield>
<subfield code="0">(DE-588)4164126-7</subfield>
<subfield code="0">https://d-nb.info/gnd/4164126-7</subfield>
<subfield code="0">(DE-101)041641264</subfield>
<subfield code="a">Kleinfamilie</subfield>
<subfield code="2">gnd</subfield>
</datafield>
<datafield ind1=" " ind2="7" tag="650">
<subfield code="8">2\p</subfield>
<subfield code="0">(DE-588)4155687-2</subfield>
<subfield code="0">https://d-nb.info/gnd/4155687-2</subfield>
<subfield code="0">(DE-101)041556879</subfield>
<subfield code="a">Funktionenfamilie</subfield>
<subfield code="2">gnd</subfield>
</datafield>
<datafield ind1=" " ind2="0" tag="653">
<subfield code="a">(thesoz)Bundesrepublik Deutschland</subfield>
</datafield>
<datafield ind1=" " ind2="0" tag="653">
<subfield code="a">(thesoz)Frauenbewegung</subfield>
</datafield>
<datafield ind1=" " ind2="0" tag="653">
<subfield code="a">(thesoz)Funktion</subfield>
</datafield>
<datafield ind1=" " ind2="0" tag="653">
<subfield code="a">(thesoz)Gesellschaft</subfield>
</datafield>
<datafield ind1=" " ind2="0" tag="653">
<subfield code="a">(thesoz)Frau</subfield>
</datafield>
<datafield ind1=" " ind2="0" tag="653">
<subfield code="a">(thesoz)Wirtschaftskrise</subfield>
</datafield>
<datafield ind1=" " ind2="0" tag="653">
<subfield code="a">(thesoz)Tradition</subfield>
</datafield>
<datafield ind1=" " ind2="0" tag="653">
<subfield code="a">(thesoz)Lebenserwartung</subfield>
</datafield>
<datafield ind1=" " ind2="0" tag="653">
<subfield code="a">(thesoz)Emanzipation</subfield>
</datafield>
<datafield ind1=" " ind2="0" tag="653">
<subfield code="a">(thesoz)Weiblichkeit</subfield>
</datafield>
<datafield ind1=" " ind2="0" tag="653">
<subfield code="a">(thesoz)Familie</subfield>
</datafield>
<datafield ind1=" " ind2="0" tag="653">
<subfield code="a">(thesoz)Mütterlichkeit</subfield>
</datafield>
<datafield ind1=" " ind2="0" tag="653">
<subfield code="a">(thesoz)Einfluss</subfield>
</datafield>
<datafield ind1=" " ind2="0" tag="653">
<subfield code="a">(thesoz)Studentenbewegung</subfield>
</datafield>
<datafield ind1=" " ind2="0" tag="653">
<subfield code="a">(thesoz)Rolle</subfield>
</datafield>
<datafield ind1=" " ind2="0" tag="653">
<subfield code="a">(thesoz)Autonomie</subfield>
</datafield>
<datafield ind1=" " ind2="0" tag="653">
<subfield code="a">(thesoz)Lebenswelt</subfield>
</datafield>
<datafield ind1=" " ind2="0" tag="653">
<subfield code="a">(thesoz)Nachkriegszeit</subfield>
</datafield>
<datafield ind1="1" ind2=" " tag="700">
<subfield code="a">Friedrichs, Jürgen</subfield>
<subfield code="e">Herausgeber</subfield>
<subfield code="4">edt</subfield>
</datafield>
<datafield ind1="2" ind2=" " tag="710">
<subfield code="a">Deutsche Gesellschaft für Soziologie (DGS)</subfield>
<subfield code="e">Herausgeber</subfield>
<subfield code="4">edt</subfield>
</datafield>
<datafield ind1=" " ind2=" " tag="850">
<subfield code="a">DE-101a</subfield>
<subfield code="a">DE-101b</subfield>
</datafield>
<datafield ind1="4" ind2="0" tag="856">
<subfield code="u">https://nbn-resolving.org/urn:nbn:de:0168-ssoar-149644</subfield>
<subfield code="x">Resolving-System</subfield>
</datafield>
<datafield ind1=" " ind2="0" tag="856">
<subfield code="u">https://d-nb.info/1191657949/34</subfield>
<subfield code="x">Langzeitarchivierung Nationalbibliothek</subfield>
</datafield>
<datafield ind1="4" ind2=" " tag="856">
<subfield code="q">application/pdf</subfield>
<subfield code="s"> bytes</subfield>
<subfield code="u">http://www.ssoar.info/ssoar/handle/document/18023</subfield>
</datafield>
<datafield ind1="0" ind2=" " tag="883">
<subfield code="8">1\p</subfield>
<subfield code="a">aepgnd</subfield>
<subfield code="c">0,04109</subfield>
<subfield code="d">20190729</subfield>
<subfield code="q">DE-101</subfield>
<subfield code="u">https://d-nb.info/provenance/plan#aepgnd</subfield>
</datafield>
<datafield ind1="0" ind2=" " tag="883">
<subfield code="8">2\p</subfield>
<subfield code="a">aepgnd</subfield>
<subfield code="c">0,03867</subfield>
<subfield code="d">20190729</subfield>
<subfield code="q">DE-101</subfield>
<subfield code="u">https://d-nb.info/provenance/plan#aepgnd</subfield>
</datafield>
<datafield ind1="0" ind2=" " tag="883">
<subfield code="8">3\p</subfield>
<subfield code="a">aepkn</subfield>
<subfield code="c">0,99428</subfield>
<subfield code="d">20190729</subfield>
<subfield code="q">DE-101</subfield>
<subfield code="u">https://d-nb.info/provenance/plan#aepkn</subfield>
</datafield>
<datafield ind1="0" ind2=" " tag="883">
<subfield code="8">4\p</subfield>
<subfield code="a">aepsg</subfield>
<subfield code="c">0,99994</subfield>
<subfield code="d">20190729</subfield>
<subfield code="q">DE-101</subfield>
<subfield code="u">https://d-nb.info/provenance/plan#aepsg</subfield>
</datafield>
<datafield ind1="r" ind2=" " tag="925">
<subfield code="a">ro</subfield>
<subfield code="a">rb</subfield>
</datafield>
<datafield ind1=" " ind2=" " tag="927">
<subfield code="a">59572244</subfield>
</datafield>
</record>