<record type="Bibliographic" xmlns="http://www.loc.gov/MARC21/slim">
<leader>00000nam a2200000uc 4500</leader>
<controlfield tag="001">1196006199</controlfield>
<controlfield tag="003">DE-101</controlfield>
<controlfield tag="005">20230125180243.0</controlfield>
<controlfield tag="007">cr||||||||||||</controlfield>
<controlfield tag="008">190930s1974    gw |||||o|||| 00||||ger  </controlfield>
<datafield ind1=" " ind2=" " tag="015">
<subfield code="a">19,O10</subfield>
<subfield code="2">dnb</subfield>
</datafield>
<datafield ind1="7" ind2=" " tag="016">
<subfield code="2">DE-101</subfield>
<subfield code="a">1196006199</subfield>
</datafield>
<datafield ind1="7" ind2=" " tag="024">
<subfield code="a">10.6094/UNIFR/150792</subfield>
<subfield code="2">doi</subfield>
</datafield>
<datafield ind1="7" ind2=" " tag="024">
<subfield code="2">urn</subfield>
<subfield code="a">urn:nbn:de:bsz:25-freidok-1507922</subfield>
</datafield>
<datafield ind1=" " ind2=" " tag="035">
<subfield code="a">(DE-599)DNB1196006199</subfield>
</datafield>
<datafield ind1=" " ind2=" " tag="035">
<subfield code="a">(OCoLC)1176145088</subfield>
</datafield>
<datafield ind1=" " ind2=" " tag="040">
<subfield code="a">1240</subfield>
<subfield code="b">ger</subfield>
<subfield code="c">DE-101</subfield>
<subfield code="d">9999</subfield>
<subfield code="e">rda</subfield>
</datafield>
<datafield ind1=" " ind2=" " tag="041">
<subfield code="a">ger</subfield>
</datafield>
<datafield ind1=" " ind2=" " tag="044">
<subfield code="c">XA-DE-BW</subfield>
</datafield>
<datafield ind1="1" ind2=" " tag="100">
<subfield code="0">(DE-588)12180741X</subfield>
<subfield code="0">https://d-nb.info/gnd/12180741X</subfield>
<subfield code="0">(DE-101)12180741X</subfield>
<subfield code="a">Herrmann, Hans Peter</subfield>
<subfield code="d">1929-</subfield>
<subfield code="e">Verfasser</subfield>
<subfield code="4">aut</subfield>
<subfield code="2">gnd</subfield>
</datafield>
<datafield ind1="1" ind2="0" tag="245">
<subfield code="a">Wirklichkeit und Ideologie</subfield>
<subfield code="b">: Brechts "Heilige Johanna der Schlachthöfe" als Lehrstück bürgerlicher Praxis im Klassenkampf</subfield>
</datafield>
<datafield ind1=" " ind2="1" tag="264">
<subfield code="a">Freiburg</subfield>
<subfield code="b">Universität</subfield>
<subfield code="c">2019</subfield>
</datafield>
<datafield ind1=" " ind2=" " tag="300">
<subfield code="a">Online-Ressource</subfield>
</datafield>
<datafield ind1=" " ind2=" " tag="336">
<subfield code="a">Text</subfield>
<subfield code="b">txt</subfield>
<subfield code="2">rdacontent</subfield>
</datafield>
<datafield ind1=" " ind2=" " tag="337">
<subfield code="a">Computermedien</subfield>
<subfield code="b">c</subfield>
<subfield code="2">rdamedia</subfield>
</datafield>
<datafield ind1=" " ind2=" " tag="338">
<subfield code="a">Online-Ressource</subfield>
<subfield code="b">cr</subfield>
<subfield code="2">rdacarrier</subfield>
</datafield>
<datafield ind1=" " ind2=" " tag="500">
<subfield code="a">Dyck, Joachim; Müller, Hans-Harald (Hrsg.): Brechtdiskussion. Kronberg, Ts. : Scriptor, 1974. S. 52-120., ISBN: 3589200154</subfield>
</datafield>
<datafield ind1=" " ind2=" " tag="520">
<subfield code="a">Abstract: Der Artikel ist frei verfügbar; anstelle eines Abstracts, wird hier zunächst der Anfang wiedergegeben:&lt;br&gt; &lt;br&gt;Bekannt ist Max Frischs Wort von der „durchschlagenden Wirkungslosigkeit“ des zum „Klassiker“ avancierten Brecht; inzwischen sind „Der gute Mensch von Sezuan“ und „Leben des Galilei“ sogar zur Pflichtlektüre im Deutschunterricht erhoben worden. Brechts Werk ist in den Literatur- und Bildungsbetrieb gerade der kapitalistischen Gesellschaft integriert worden, gegen die er seine Arbeit gerichtet hatte. Die „Heilige Johanna der Schlachthöfe“ allerdings scheint sich solcher Eingemeindung noch am ehesten zu widersetzen. Nicht umsonst hatten die wenigen Rezensionen von 1932/33 die Gesellschaftskritik des Stückes herausgestrichen und – je nach Standort – mit Einverständnis oder wütender Abwehr auf die Angriffe gegen Religion und Klassik reagiert.1 Doch der Schein trügt. Bei der Lektüre von 120 Rezensionen zu 14 „Johanna“-Aufführungen zwischen 1959 und 1971 fand ich weitgehend genau die wohlwollende Unbetroffenheit, die Frisch mit seinem Diktum beschreibt. Mehr noch: Brecht zeigte sich nicht nur wirkungslos, sondern im Wortsinn als Klassiker interpretiert. Hinter den Fehlurteilen der Rezensenten wurden die Umrisse eben jenes Kunstbegriffs sichtbar, den Literaturwissenschaft und Publizistik nach dem zweiten Weltkrieg an der Interpretation der klassischen Werke der bürgerlichen Tradition entwickelt hatten (und dessen Fragwürdigkeit nicht nur mir im Kontext der Studentenbewegung gerade an Brecht bewusst geworden war).&lt;br&gt;&lt;br&gt;Brecht hatte in der "Heiligen Johanna", expliziter als in seinen späteren Werken, genau diesen bildungsbürgerlichen Kunstbegriff zu destruieren unternommen, den seine Rezensenten zur Beurteilung seines Werkes anwandten. Die Diskrepanz zwischen der Ideologie der Rezipienten und der tatsächlichen Gestalt dessen, was sie zu rezipieren meinten, erhält dadurch noch eine zusätzliche Dimension. Was bei Brecht, als Ideologie, einen definierten Platz innerhalb der kapitalistischen Gesellschaft hat, die das Stück beschreibt, erhebt sich wieder zum Urteil über das Ganze, des Stückes wie der dargestellten Wirklichkeit.&lt;br&gt;&lt;br&gt;Die Rezeption der "Johanna" und Brechts wirkliche "Heilige Johanna der Schlachthöfe": das ist ein Lehrstück über die erstaunliche Fähigkeit bürgerlicher Ideologie, die eigene Partialität als Totalität zu setzen. Von der gleichen Fähigkeit handelt auch Brechts Drama. Von ihr, in eben dieser Doppelung, werde ich im folgenden sprechen</subfield>
</datafield>
<datafield ind1=" " ind2=" " tag="540">
<subfield code="f">cc_by</subfield>
<subfield code="2">cc</subfield>
</datafield>
<datafield ind1="1" ind2=" " tag="583">
<subfield code="a">Archivierung/Langzeitarchivierung gewährleistet</subfield>
<subfield code="5">DE-101</subfield>
<subfield code="2">pdager</subfield>
</datafield>
<datafield ind1="1" ind2="7" tag="600">
<subfield code="0">(DE-588)118514768</subfield>
<subfield code="0">https://d-nb.info/gnd/118514768</subfield>
<subfield code="0">(DE-101)118514768</subfield>
<subfield code="a">Brecht, Bertolt</subfield>
<subfield code="d">1898-1956</subfield>
<subfield code="2">gnd</subfield>
</datafield>
<datafield ind1="1" ind2="7" tag="600">
<subfield code="0">(DE-588)12180741X</subfield>
<subfield code="0">https://d-nb.info/gnd/12180741X</subfield>
<subfield code="0">(DE-101)12180741X</subfield>
<subfield code="a">Herrmann, Hans Peter</subfield>
<subfield code="d">1929-</subfield>
<subfield code="2">gnd</subfield>
</datafield>
<datafield ind1="1" ind2="7" tag="600">
<subfield code="0">(DE-588)4122440-1</subfield>
<subfield code="0">https://d-nb.info/gnd/4122440-1</subfield>
<subfield code="0">(DE-101)04122440X</subfield>
<subfield code="a">Brecht, Bertolt</subfield>
<subfield code="d">1898-1956</subfield>
<subfield code="t">Die heilige Johanna der Schlachthöfe</subfield>
<subfield code="2">gnd</subfield>
</datafield>
<datafield ind1=" " ind2="7" tag="650">
<subfield code="0">(DE-588)4026486-5</subfield>
<subfield code="0">https://d-nb.info/gnd/4026486-5</subfield>
<subfield code="0">(DE-101)040264866</subfield>
<subfield code="a">Ideologie</subfield>
<subfield code="2">gnd</subfield>
</datafield>
<datafield ind1=" " ind2="7" tag="650">
<subfield code="0">(DE-588)4066380-2</subfield>
<subfield code="0">https://d-nb.info/gnd/4066380-2</subfield>
<subfield code="0">(DE-101)040663809</subfield>
<subfield code="a">Wirklichkeit</subfield>
<subfield code="2">gnd</subfield>
</datafield>
<datafield ind1=" " ind2="7" tag="650">
<subfield code="0">(DE-588)4012899-4</subfield>
<subfield code="0">https://d-nb.info/gnd/4012899-4</subfield>
<subfield code="0">(DE-101)040128997</subfield>
<subfield code="a">Drama</subfield>
<subfield code="2">gnd</subfield>
</datafield>
<datafield ind1=" " ind2="7" tag="650">
<subfield code="0">(DE-588)4049716-1</subfield>
<subfield code="0">https://d-nb.info/gnd/4049716-1</subfield>
<subfield code="0">(DE-101)04049716X</subfield>
<subfield code="a">Rezeption</subfield>
<subfield code="2">gnd</subfield>
</datafield>
<datafield ind1=" " ind2="6" tag="653">
<subfield code="a">(local)article</subfield>
</datafield>
<datafield ind1=" " ind2=" " tag="850">
<subfield code="a">DE-101a</subfield>
<subfield code="a">DE-101b</subfield>
</datafield>
<datafield ind1="4" ind2="0" tag="856">
<subfield code="u">https://doi.org/10.6094/UNIFR/150792</subfield>
<subfield code="x">Resolving-System</subfield>
</datafield>
<datafield ind1="4" ind2="0" tag="856">
<subfield code="u">https://nbn-resolving.org/urn:nbn:de:bsz:25-freidok-1507922</subfield>
<subfield code="x">Resolving-System</subfield>
</datafield>
<datafield ind1=" " ind2="0" tag="856">
<subfield code="u">https://d-nb.info/1196006199/34</subfield>
<subfield code="x">Langzeitarchivierung Nationalbibliothek</subfield>
</datafield>
<datafield ind1="4" ind2=" " tag="856">
<subfield code="q">application/pdf</subfield>
<subfield code="u">https://freidok.uni-freiburg.de/data/150792</subfield>
<subfield code="z">kostenfrei</subfield>
</datafield>
<datafield ind1="r" ind2=" " tag="925">
<subfield code="a">ro</subfield>
<subfield code="a">rb</subfield>
</datafield>
<datafield ind1=" " ind2=" " tag="927">
<subfield code="a">28966953</subfield>
</datafield>
</record>