<record type="Bibliographic" xmlns="http://www.loc.gov/MARC21/slim">
<leader>00000naa a2200000uc 4500</leader>
<controlfield tag="001">122532694X</controlfield>
<controlfield tag="003">DE-101</controlfield>
<controlfield tag="005">20210118181605.0</controlfield>
<controlfield tag="007">cr||||||||||||</controlfield>
<controlfield tag="008">210118s2019    gw |||||o|||| 00||||ger  </controlfield>
<datafield ind1="7" ind2=" " tag="016">
<subfield code="2">DE-101</subfield>
<subfield code="a">122532694X</subfield>
</datafield>
<datafield ind1="7" ind2=" " tag="024">
<subfield code="2">urn</subfield>
<subfield code="a">urn:nbn:de:101:1-2021011817454523144324</subfield>
</datafield>
<datafield ind1=" " ind2=" " tag="035">
<subfield code="a">(DE-599)DNB122532694X</subfield>
</datafield>
<datafield ind1=" " ind2=" " tag="040">
<subfield code="a">1140</subfield>
<subfield code="b">ger</subfield>
<subfield code="c">DE-101</subfield>
<subfield code="d">9999</subfield>
</datafield>
<datafield ind1=" " ind2=" " tag="041">
<subfield code="8">1\p</subfield>
<subfield code="a">ger</subfield>
</datafield>
<datafield ind1=" " ind2=" " tag="044">
<subfield code="c">XA-DE</subfield>
</datafield>
<datafield ind1="1" ind2=" " tag="100">
<subfield code="8">2\p</subfield>
<subfield code="a">Gezen, Ela</subfield>
<subfield code="e">Verfasser</subfield>
<subfield code="4">aut</subfield>
</datafield>
<datafield ind1="1" ind2="0" tag="245">
<subfield code="a">Türkische und Türkisch-Deutsche Perspektiven in der (Re)Konstruktion von ‚1968’</subfield>
</datafield>
<datafield ind1=" " ind2=" " tag="300">
<subfield code="a">Online-Ressource</subfield>
</datafield>
<datafield ind1=" " ind2=" " tag="336">
<subfield code="a">Text</subfield>
<subfield code="b">txt</subfield>
<subfield code="2">rdacontent</subfield>
</datafield>
<datafield ind1=" " ind2=" " tag="337">
<subfield code="a">Computermedien</subfield>
<subfield code="b">c</subfield>
<subfield code="2">rdamedia</subfield>
</datafield>
<datafield ind1=" " ind2=" " tag="338">
<subfield code="a">Online-Ressource</subfield>
<subfield code="b">cr</subfield>
<subfield code="2">rdacarrier</subfield>
</datafield>
<datafield ind1="0" ind2=" " tag="506">
<subfield code="a">Open Access</subfield>
<subfield code="f">Unrestricted online access</subfield>
<subfield code="u">http://purl.org/coar/access_right/c_abf2</subfield>
<subfield code="2">star</subfield>
</datafield>
<datafield ind1=" " ind2=" " tag="520">
<subfield code="a">Abstract: Die Historiker_innen Christina von Hodenberg und Detlef Siegfried thematisieren in der Einleitung zu ihrem Sammelband Wo 1968 liegt. Reform und Revolte in der Geschichte der Bundesrepublik (2008) Schwierigkeiten der Periodisierung der Studentenbewegung und formulieren die Notwendigkeit, ‚1968ʻ in Bezug auf eine „weitergefasste Umbruchperiode“, den Zeitraum zwischen 1958 und 1973, die „langen sechziger Jahre“, zu untersuchen (von Hodenberg/Siegfried 2008, 8). Dieser Periodisierung folgend möchte ich in diesem Beitrag der Frage nachgehen, wie sich türkische und türkisch-deutsche Kulturpraktiken in diesem Zeitraum in der Erinnerungskultur der 68er-Bewegung verorten lassen. Darüber hinaus verstehe ich dieses Essay als eine Anknüpfung an Leslie Adelsons Against Between: A Manifesto (2001), welches in die literaturwissenschaftliche Auseinandersetzung mit ‚Literaturen der Migrationʻ interveniert. https://undercurrentsforum.com/index.php/undercurrents/article/view/93</subfield>
</datafield>
<datafield ind1=" " ind2=" " tag="540">
<subfield code="u">http://creativecommons.org/licenses/by-nc-sa/4.0</subfield>
</datafield>
<datafield ind1="1" ind2=" " tag="583">
<subfield code="a">Archivierung/Langzeitarchivierung gewährleistet</subfield>
<subfield code="5">DE-101</subfield>
<subfield code="2">pdager</subfield>
</datafield>
<datafield ind1="1" ind2="8" tag="773">
<subfield code="7">|||s</subfield>
<subfield code="g">number:12</subfield>
<subfield code="g">day:11</subfield>
<subfield code="g">month:01</subfield>
<subfield code="g">year:2019</subfield>
</datafield>
<datafield ind1="0" ind2="8" tag="773">
<subfield code="i">Enthalten in</subfield>
<subfield code="t">Undercurrents</subfield>
<subfield code="d">Berlin : Redaktion undercurrents, 04-11-2012-</subfield>
<subfield code="h">Online-Ressource</subfield>
<subfield code="g">Heft 12 (11.01.2019)</subfield>
<subfield code="w">(DE-600)2931693-5</subfield>
<subfield code="w">(DE-101)1160520038</subfield>
<subfield code="x">2513-1427</subfield>
</datafield>
<datafield ind1=" " ind2=" " tag="850">
<subfield code="a">DE-101a</subfield>
<subfield code="a">DE-101b</subfield>
</datafield>
<datafield ind1="4" ind2="0" tag="856">
<subfield code="u">https://nbn-resolving.org/urn:nbn:de:101:1-2021011817454523144324</subfield>
<subfield code="x">Resolving-System</subfield>
</datafield>
<datafield ind1=" " ind2="0" tag="856">
<subfield code="u">https://d-nb.info/122532694X/34</subfield>
<subfield code="x">Langzeitarchivierung Nationalbibliothek</subfield>
</datafield>
<datafield ind1="4" ind2=" " tag="856">
<subfield code="q">application/pdf</subfield>
<subfield code="s">331 kB</subfield>
<subfield code="u">https://undercurrentsforum.com/index.php/undercurrents/article/view/93/86</subfield>
</datafield>
<datafield ind1="1" ind2=" " tag="883">
<subfield code="8">1\p</subfield>
<subfield code="a">npi</subfield>
<subfield code="d">20210118</subfield>
<subfield code="q">DE-101</subfield>
<subfield code="u">https://d-nb.info/provenance/plan#npi</subfield>
</datafield>
<datafield ind1="1" ind2=" " tag="883">
<subfield code="8">2\p</subfield>
<subfield code="a">npi</subfield>
<subfield code="d">20210118</subfield>
<subfield code="q">DE-101</subfield>
<subfield code="u">https://d-nb.info/provenance/plan#npi</subfield>
</datafield>
<datafield ind1=" " ind2=" " tag="927">
<subfield code="a">630816774</subfield>
</datafield>
</record></recordData></record></records><echoedSearchRetrieveRequest><version>1.1</version>
                <xQuery xmlns:xsi="http://www.w3.org/2001/XMLSchema-instance" xsi:nil="true"/>
                <recordSchema>MARC21-xml</recordSchema></echoedSearchRetrieveRequest>
                </searchRetrieveResponse>